2422 3892
295 158 549 215 HISTORIARUM
566 157 780 213 ALEXANDRI
798 157 886 228 VIIII,
906 164 947 215 10.
1061 157 1127 222 255

116 305 186 370 sine
205 304 297 369 clade
314 324 375 369 nec
392 302 545 387 progredi
563 305 728 387 poterant:
745 305 911 367 manentes
925 299 1038 386 fames,
1055 324 1127 386 pro·

117 413 247 478 gressos
276 392 377 457 acrior
402 391 588 476 pestilentia
611 390 758 474 urgebat.
803 389 893 476 Ergo
917 390 1013 454 strati
1036 395 1129 455 erant
1148 402 1181 451 14

117 483 222 565 campi
241 501 343 564 paene
360 479 509 563 pluribus
529 478 694 545 semivivis
712 499 808 563 quam
828 477 1046 543 cadaveribus.
1080 478 1129 544 Aa

116 591 157 634 ne
181 569 285 633 levius
310 567 439 652 quidem
463 567 554 652 aegri
576 567 667 650 sequi
687 570 851 650 poterant:
874 566 992 651 quippe
1012 587 1130 651 agmen

117 657 238 741 raptim
258 657 417 740 agebatur
433 658 562 720 tautum
582 655 720 741 singulis
739 654 780 718 ad
799 676 890 738 apem
908 655 1023 720 salutis
1039 656 1128 740 ipsos

118 747 273 829 proficere
292 744 505 827 credentibus,
524 747 682 828 quantum
699 743 824 807 itineris
842 743 1024 808 festinando
1038 766 1128 828 prae·

118 834 271 917 ciperent.
317 832 424 917 Igitur
451 832 507 916 qui
535 832 718 896 defecerant
743 834 839 896 notos
861 831 1069 917 ignotosque,
1091 836 1130 897 ut
1149 842 1183 892 1⁶

118 921 359 1002 adlevarentur,
381 920 530 985 orabantz
561 920 617 984 sed
639 940 699 985 nec
721 920 865 984 iumenta
888 924 991 1005 eraut,
1013 923 1129 1005 quibus

118 1011 224 1093 excipi
242 1013 385 1093 possent,
404 1012 437 1074 et
455 1009 549 1072 miles
567 1008 622 1072 vix
640 1029 731 1074 arma
748 1007 902 1092 portabat
918 1009 1130 1076 imminentis-

118 1118 180 1180 que
200 1101 233 1161 et
250 1097 331 1180 ipsis
349 1096 449 1161 facies
469 1096 548 1161 mali
566 1099 641 1161 ante
660 1097 770 1162 oculos
787 1099 865 1160 erat.
896 1096 986 1184 Ergo
1001 1100 1130 1182 saepius

118 1185 262 1249 revocati
285 1205 325 1248 ne
348 1185 506 1268 respicere
528 1184 658 1268 quidem
681 1206 756 1248 suos
780 1183 986 1251 sustinebant
1009 1187 1131 1251 miseri·

119 1272 229 1337 cordia
251 1272 284 1336 in
306 1271 512 1337 formidinem
533 1295 635 1337 versa
671 1271 726 1336 Illi
748 1272 855 1337 relicti
878 1273 954 1338 deos
977 1276 1079 1338 testes
1099 1277 1132 1339 et
1150 1285 1184 1335 le

119 1382 212 1425 saara
242 1360 426 1425 communia
452 1360 603 1446 regisque
629 1359 838 1443 inplorabant
860 1382 967 1445 opem:
996 1383 1131 1447 cumque

118 1447 242 1513 frustra
260 1449 374 1514 surdas
393 1470 487 1513 aures
504 1449 691 1533 fatigarent,
709 1449 743 1513 in
764 1448 889 1513 rabiem
907 1450 1132 1534 desperatione

119 1559 213 1601 versa
231 1559 343 1621 parem
363 1559 422 1602 sno
441 1537 563 1601 exitum
577 1537 764 1621 similesque
777 1537 858 1621 ipsis
873 1537 994 1604 amicos
1009 1542 1042 1603 et
1057 1561 1132 1605 con-

67 1627 107 1691 41
119 1625 306 1690 tubemales
333 1624 556 1708 precabantur.
600 1623 669 1689 Rex
697 1625 807 1690 dolore
830 1624 927 1690 simul
950 1648 988 1692 ac
1009 1627 1185 1711 pudorem

120 1714 245 1794 anxius,
272 1713 348 1795 quia
365 1733 462 1776 causa
480 1715 592 1776 tantae
611 1711 710 1776 cladis
728 1713 798 1795 ipse
817 1717 915 1796 esset,
939 1713 978 1778 ad
996 1715 1132 1779 Phrata·

119 1800 276 1884 phernen,
303 1798 559 1882 Parthyaeorum
573 1803 747 1883 satrapen,
775 1799 879 1882 misit,
905 1800 961 1884 qui
983 1801 1134 1868 iuberent

120 1889 251 1952 camelis
284 1891 375 1952 cocta
410 1888 534 1953 cibaria
556 1886 701 1966 adferri,
740 1887 885 1970 aliosque
920 1888 1133 1956 finitimarum

119 1977 288 2062 regionum
320 1975 500 2059 praefectos
533 1975 685 2040 certiores
711 1975 915 2040 necessitatis
943 1999 1020 2042 suae
1046 1977 1133 2046 fecit

119 2063 189 2129 Nec
212 2071 372 2129 cessatum
396 2069 447 2130 est
469 2064 510 2128 ab
534 2063 595 2129 his.
632 2063 745 2148 Itaque
763 2069 848 2129 fame
871 2064 1040 2132 dumtaxat
1062 2068 1185 2132 rin-18

120 2153 246 2217 dicatus
266 2154 423 2218 exercitus
445 2151 576 2217 tandem
596 2153 631 2216 in
649 2149 822 2217 Cedrosiae
840 2153 920 2219 fines
939 2155 1133 2238 perducitur.

120 2240 271 2305 Omnium
294 2263 401 2305 rerum
424 2241 519 2324 eopia
539 2241 658 2305 fertilis
680 2242 772 2325 regio
784 2243 855 2306 est:
878 2242 913 2305 in
931 2264 995 2326 qna
1012 2245 1132 2308 stativa

119 2331 249 2412 habuit,
270 2334 308 2393 ut
329 2333 464 2394 vexatos
487 2328 607 2395 milites
631 2329 738 2412 quiete
759 2328 913 2394 firmaret.
948 2329 1185 2395 HicLeon-1e

119 2419 188 2483 nati
216 2420 343 2482 litteras
367 2417 504 2502 accepit,
531 2416 714 2483 conflixisse
736 2417 842 2498 ipsum
865 2436 938 2481 eum
960 2435 1026 2482 vm
1047 2419 1132 2483 mili-

118 2508 179 2571 bus
216 2507 360 2591 peditum
392 2511 426 2571 et
457 2522 541 2572 cccc
577 2504 738 2589 equitibus
773 2502 939 2569 Oritarum
974 2527 1131 2590 prospero

120 2599 246 2659 eventu.
290 2595 320 2658 Α
348 2592 481 2659 Cratero
510 2613 635 2677 quoque
661 2590 795 2656 nuntius
822 2592 925 2676 venit,
952 2591 1073 2659 Ozinen
1100 2597 1134 2659 et

120 2681 310 2765 Zariaspen,
336 2682 457 2746 nobilis
479 2679 609 2764 Persas,
639 2680 850 2744 defectionem
878 2681 1048 2746 molientes
1076 2704 1132 2767 op·

119 2791 249 2854 pressos
269 2792 288 2833 a
306 2791 340 2833 se
358 2769 393 2833 in
412 2768 550 2833 vinculis
569 2789 648 2834 esse.
678 2767 867 2852 Praeposito
886 2769 987 2855 igitir
1004 2770 1131 2856 regioni
1150 2780 1184 2831 2⁰

121 2858 265 2940 Sibyrtio
285 2894 326 2903 —
346 2878 484 2941 namque
506 2856 640 2941 Menon,
661 2855 842 2940 praefectus
861 2856 943 2942 eius,
965 2879 1070 2943 nuper
1085 2859 1132 2924 in·

120 2947 255 3012 terierat
273 2947 386 3010 morbo
407 2979 447 2991 -
467 2945 502 3009 in
520 2943 726 3010 Carmaniam
743 2943 813 3029 ipse
831 2946 998 3030 processit
1028 2945 1132 3031 Aspa·
1150 2956 1183 3005 21

121 3041 186 3100 stes
205 3040 275 3100 erat
293 3039 440 3118 satrapes
459 3035 576 3118 gentis,
594 3037 762 3117 suspectus
781 3055 833 3098 res
847 3056 968 3100 novare
981 3036 1132 3119 voluisse,

120 3125 195 3189 dum
220 3126 252 3189 in
276 3123 369 3187 India
392 3143 447 3186 rex
470 3125 528 3186 ast.
564 3120 667 3196 Quem
689 3125 909 3188 occurrentem
927 3123 1132 3187 dissimulata
1149 3131 1185 3180 22

120 3213 170 3275 ira
197 3214 332 3277 comiter
364 3209 546 3294 adlocutus,
578 3209 654 3275 dum
687 3212 881 3294 exploraret,
913 3231 995 3295 quae
1025 3210 1132 3276 delata

69 3299 226 3384 42erant,
253 3303 287 3363 in
315 3299 428 3363 eodem
451 3299 573 3364 honore
595 3297 717 3364 habuit
767 3296 848 3364 (lum
871 3298 946 3362 inde
968 3298 1132 3384 praefecti,

121 3389 204 3452 sicut
226 3389 420 3473 imperatum
443 3391 526 3471 erat,
548 3408 717 3470 equorum,
743 3387 1019 3468 iumentorumque
1042 3387 1133 3470 iuga·

118 3477 197 3540 llum
227 3477 290 3540 vim
318 3478 486 3564 ingentem
512 3497 552 3542 ex
575 3476 682 3563 omni,
708 3495 793 3562 qnae
814 3475 879 3539 sub
897 3474 1049 3555 'imperis
1070 3474 1161 3555 eran,

107 3565 243 3643 regione
266 3566 453 3656 misissent,
478 3567 601 3657 quibus
626 3569 772 3636 deerant
789 3559 1065 3648 impedimenta,
1078 3547 1184 3606 ream·
