<?xml version="1.0" encoding="UTF-8"?>
<!DOCTYPE html PUBLIC "-//W3C//DTD XHTML 1.0 Transitional//EN"
    "http://www.w3.org/TR/xhtml1/DTD/xhtml1-transitional.dtd">
<html xmlns="http://www.w3.org/1999/xhtml" xml:lang="en" lang="en">
 <head>
  <title>
</title>
<meta http-equiv="Content-Type" content="text/html;charset=utf-8" />
  <meta name='ocr-system' content='tesseract 3.04.00' />
  <meta name='ocr-capabilities' content='ocr_page ocr_carea ocr_par ocr_line ocrx_word'/>
</head>
<body>
  <div class='ocr_page' id='page_1' title='image "./historiarumalex00rufugoog_0119.png"; bbox 0 0 2422 3892; ppageno 0'>
   <div class='ocr_carea' id='block_1_1' title="bbox 58 144 840 211">
    <p class='ocr_par' dir='ltr' id='par_1_1' title="bbox 58 144 840 211">
     <span class='ocr_line' id='line_1_1' title="bbox 58 144 840 211; baseline -0.015 -2"><span class='ocrx_word' id='word_1_1' title='bbox 58 146 65 157; x_wconf 84' lang='lat'>&#39;</span> <span class='ocrx_word' id='word_1_2' title='bbox 151 144 194 207; x_wconf 76' lang='grc'>82</span> <span class='ocrx_word' id='word_1_3' title='bbox 523 145 555 211; x_wconf 80' lang='lat' dir='ltr'>Q.</span> <span class='ocrx_word' id='word_1_4' title='bbox 575 144 686 200; x_wconf 80' lang='lat' dir='ltr'>OUB&#39;I&#39;I</span> <span class='ocrx_word' id='word_1_5' title='bbox 703 145 790 199; x_wconf 78' lang='lat' dir='ltr'>RUFI</span> <span class='ocrx_word' id='word_1_6' title='bbox 836 164 840 172; x_wconf 91' lang='lat'><em>·</em></span> 
     </span>
    </p>
   </div>
   <div class='ocr_carea' id='block_1_2' title="bbox 75 287 1200 3438">
    <p class='ocr_par' dir='ltr' id='par_1_2' title="bbox 151 287 1173 441">
     <span class='ocr_line' id='line_1_2' title="bbox 151 287 1173 372; baseline 0.004 -19"><span class='ocrx_word' id='word_1_7' title='bbox 151 293 278 354; x_wconf 85' lang='lat' dir='ltr'>constet</span> <span class='ocrx_word' id='word_1_8' title='bbox 300 288 501 372; x_wconf 89' lang='lat' dir='ltr'>Babylonios</span> <span class='ocrx_word' id='word_1_9' title='bbox 525 310 634 353; x_wconf 91' lang='lat' dir='ltr'>muros</span> <span class='ocrx_word' id='word_1_10' title='bbox 656 289 797 372; x_wconf 89' lang='lat' dir='ltr'>ingentis</span> <span class='ocrx_word' id='word_1_11' title='bbox 820 287 925 371; x_wconf 90' lang='lat' dir='ltr'>operis</span> <span class='ocrx_word' id='word_1_12' title='bbox 942 288 1046 355; x_wconf 89' lang='lat' dir='ltr'>huius</span> <span class='ocrx_word' id='word_1_13' title='bbox 1066 290 1173 357; x_wconf 79' lang='lat' dir='ltr'>fontis</span> 
     </span>
     <span class='ocr_line' id='line_1_3' title="bbox 151 377 591 441; baseline -0.002 0"><span class='ocrx_word' id='word_1_14' title='bbox 151 378 307 441; x_wconf 80' lang='lat' dir='ltr'>bitumine</span> <span class='ocrx_word' id='word_1_15' title='bbox 330 377 491 440; x_wconf 87' lang='lat' dir='ltr'>interlitos</span> <span class='ocrx_word' id='word_1_16' title='bbox 514 398 591 440; x_wconf 87' lang='lat' dir='ltr'>csse.</span> 
     </span>
    </p>

    <p class='ocr_par' dir='ltr' id='par_1_3' title="bbox 101 462 1200 811">
     <span class='ocr_line' id='line_1_4' title="bbox 101 462 1200 551; baseline 0 -18"><span class='ocrx_word' id='word_1_17' title='bbox 101 486 132 533; x_wconf 79' lang='lat'>17</span> <span class='ocrx_word' id='word_1_18' title='bbox 241 464 391 530; x_wconf 80' lang='lat' dir='ltr'>Ceterum</span> <span class='ocrx_word' id='word_1_19' title='bbox 412 462 582 547; x_wconf 87' lang='lat' dir='ltr'>Babylona</span> <span class='ocrx_word' id='word_1_20' title='bbox 603 464 788 546; x_wconf 75' lang='lat' dir='ltr'>procedenti</span> <span class='ocrx_word' id='word_1_21' title='bbox 805 463 989 529; x_wconf 85' lang='lat' dir='ltr'>Alexandro</span> <span class='ocrx_word' id='word_1_22' title='bbox 1002 464 1200 551; x_wconf 70' lang='lat' dir='ltr'>Merserat</span> 
     </span>
     <span class='ocr_line' id='line_1_5' title="bbox 153 551 1170 636; baseline 0.005 -20"><span class='ocrx_word' id='word_1_23' title='bbox 153 552 207 636; x_wconf 90' lang='lat' dir='ltr'>qui</span> <span class='ocrx_word' id='word_1_24' title='bbox 239 574 277 616; x_wconf 87' lang='lat' dir='ltr'>ex</span> <span class='ocrx_word' id='word_1_25' title='bbox 309 552 375 616; x_wconf 88' lang='lat' dir='ltr'>acie</span> <span class='ocrx_word' id='word_1_26' title='bbox 407 552 442 614; x_wconf 93' lang='lat' dir='ltr'>in</span> <span class='ocrx_word' id='word_1_27' title='bbox 471 572 541 615; x_wconf 90' lang='lat' dir='ltr'>eam</span> <span class='ocrx_word' id='word_1_28' title='bbox 569 552 680 615; x_wconf 88' lang='lat' dir='ltr'>urbem</span> <span class='ocrx_word' id='word_1_29' title='bbox 708 551 909 635; x_wconf 83' lang='lat' dir='ltr'>confugerat,</span> <span class='ocrx_word' id='word_1_30' title='bbox 940 571 1013 616; x_wconf 92' lang='lat' dir='ltr'>cum</span> <span class='ocrx_word' id='word_1_31' title='bbox 1044 554 1170 621; x_wconf 86' lang='lat' dir='ltr'>adultis</span> 
     </span>
     <span class='ocr_line' id='line_1_6' title="bbox 152 637 1170 722; baseline 0.004 -18"><span class='ocrx_word' id='word_1_32' title='bbox 152 640 261 705; x_wconf 89' lang='lat' dir='ltr'>liberis</span> <span class='ocrx_word' id='word_1_33' title='bbox 289 640 424 722; x_wconf 83' lang='lat' dir='ltr'>supplex</span> <span class='ocrx_word' id='word_1_34' title='bbox 451 640 588 704; x_wconf 85' lang='lat' dir='ltr'>occurrit</span> <span class='ocrx_word' id='word_1_35' title='bbox 613 640 725 703; x_wconf 91' lang='lat' dir='ltr'>urbem</span> <span class='ocrx_word' id='word_1_36' title='bbox 748 659 844 722; x_wconf 88' lang='lat' dir='ltr'>seque</span> <span class='ocrx_word' id='word_1_37' title='bbox 867 637 994 704; x_wconf 90' lang='lat' dir='ltr'>dedens.</span> <span class='ocrx_word' id='word_1_38' title='bbox 1042 639 1170 707; x_wconf 85' lang='lat' dir='ltr'>Gratus</span> 
     </span>
     <span class='ocr_line' id='line_1_7' title="bbox 152 727 1168 811; baseline 0.005 -20"><span class='ocrx_word' id='word_1_39' title='bbox 152 728 307 793; x_wconf 83' lang='lat' dir='ltr'>adventus</span> <span class='ocrx_word' id='word_1_40' title='bbox 335 728 404 791; x_wconf 88' lang='lat' dir='ltr'>eius</span> <span class='ocrx_word' id='word_1_41' title='bbox 431 728 501 811; x_wconf 84' lang='lat' dir='ltr'>regi</span> <span class='ocrx_word' id='word_1_42' title='bbox 522 727 599 810; x_wconf 83' lang='lat' dir='ltr'>fuit,</span> <span class='ocrx_word' id='word_1_43' title='bbox 631 728 748 810; x_wconf 85' lang='lat' dir='ltr'>quippe</span> <span class='ocrx_word' id='word_1_44' title='bbox 771 727 881 810; x_wconf 90' lang='lat' dir='ltr'>magni</span> <span class='ocrx_word' id='word_1_45' title='bbox 903 727 1010 809; x_wconf 87' lang='lat' dir='ltr'>operis</span> <span class='ocrx_word' id='word_1_46' title='bbox 1034 729 1168 796; x_wconf 89' lang='lat' dir='ltr'>obsidio</span> 
     </span>
    </p>

    <p class='ocr_par' dir='ltr' id='par_1_4' title="bbox 102 813 1168 1163">
     <span class='ocr_line' id='line_1_8' title="bbox 102 813 1168 884; baseline -0.001 0"><span class='ocrx_word' id='word_1_47' title='bbox 102 836 134 884; x_wconf 83' lang='lat'>18</span> <span class='ocrx_word' id='word_1_48' title='bbox 152 816 261 879; x_wconf 84' lang='lat' dir='ltr'>futura</span> <span class='ocrx_word' id='word_1_49' title='bbox 287 818 448 879; x_wconf 83' lang='lat' dir='ltr'>crottam</span> <span class='ocrx_word' id='word_1_50' title='bbox 474 816 616 878; x_wconf 86' lang='lat' dir='ltr'>munitae</span> <span class='ocrx_word' id='word_1_51' title='bbox 643 816 740 879; x_wconf 90' lang='lat' dir='ltr'>urbis.</span> <span class='ocrx_word' id='word_1_52' title='bbox 785 813 837 877; x_wconf 84' lang='lat' dir='ltr'>Ad</span> <span class='ocrx_word' id='word_1_53' title='bbox 862 813 924 878; x_wconf 87' lang='lat' dir='ltr'>hoc</span> <span class='ocrx_word' id='word_1_54' title='bbox 949 814 1002 879; x_wconf 79' lang='lat' dir='ltr'>vir</span> <span class='ocrx_word' id='word_1_55' title='bbox 1022 815 1168 883; x_wconf 76' lang='lat' dir='ltr'>illustr-is</span> 
     </span>
     <span class='ocr_line' id='line_1_9' title="bbox 153 902 1166 987; baseline 0.004 -20"><span class='ocrx_word' id='word_1_56' title='bbox 153 906 186 967; x_wconf 99' lang='grc' dir='ltr'><strong>εὴ</strong></span> <span class='ocrx_word' id='word_1_57' title='bbox 220 923 319 966; x_wconf 92' lang='lat' dir='ltr'>manu</span> <span class='ocrx_word' id='word_1_58' title='bbox 349 906 517 986; x_wconf 89' lang='lat' dir='ltr'>promptus</span> <span class='ocrx_word' id='word_1_59' title='bbox 549 903 697 984; x_wconf 86' lang='lat' dir='ltr'>famaque</span> <span class='ocrx_word' id='word_1_60' title='bbox 729 903 826 965; x_wconf 88' lang='lat' dir='ltr'>etiam</span> <span class='ocrx_word' id='word_1_61' title='bbox 856 902 1003 985; x_wconf 86' lang='lat' dir='ltr'>proximo</span> <span class='ocrx_word' id='word_1_62' title='bbox 1035 905 1166 987; x_wconf 88' lang='lat' dir='ltr'>proelio</span> 
     </span>
     <span class='ocr_line' id='line_1_10' title="bbox 153 989 1166 1057; baseline 0.004 -4"><span class='ocrx_word' id='word_1_63' title='bbox 153 990 285 1054; x_wconf 88' lang='lat' dir='ltr'>celebris</span> <span class='ocrx_word' id='word_1_64' title='bbox 314 993 346 1055; x_wconf 90' lang='lat' dir='ltr'>et</span> <span class='ocrx_word' id='word_1_65' title='bbox 373 994 494 1055; x_wconf 87' lang='lat' dir='ltr'>ceteros</span> <span class='ocrx_word' id='word_1_66' title='bbox 522 990 563 1055; x_wconf 92' lang='lat' dir='ltr'>ad</span> <span class='ocrx_word' id='word_1_67' title='bbox 591 990 785 1054; x_wconf 89' lang='lat' dir='ltr'>deditionem</span> <span class='ocrx_word' id='word_1_68' title='bbox 812 990 862 1054; x_wconf 92' lang='lat' dir='ltr'>sui</span> <span class='ocrx_word' id='word_1_69' title='bbox 888 989 1084 1056; x_wconf 72' lang='lat' dir='ltr'>incitaturus</span> <span class='ocrx_word' id='word_1_70' title='bbox 1112 1014 1166 1057; x_wconf 86' lang='lat' dir='ltr'>ex·</span> 
     </span>
     <span class='ocr_line' id='line_1_11' title="bbox 154 1075 1166 1163; baseline 0.005 -22"><span class='ocrx_word' id='word_1_71' title='bbox 154 1079 258 1161; x_wconf 91' lang='lat' dir='ltr'>emplo</span> <span class='ocrx_word' id='word_1_72' title='bbox 290 1078 468 1142; x_wconf 84' lang='lat' dir='ltr'>videbatur.</span> <span class='ocrx_word' id='word_1_73' title='bbox 517 1078 622 1163; x_wconf 83' lang='lat' dir='ltr'>Igitur</span> <span class='ocrx_word' id='word_1_74' title='bbox 652 1076 737 1141; x_wconf 89' lang='lat' dir='ltr'>hune</span> <span class='ocrx_word' id='word_1_75' title='bbox 767 1075 895 1160; x_wconf 84' lang='lat' dir='ltr'>quidem</span> <span class='ocrx_word' id='word_1_76' title='bbox 922 1077 1063 1162; x_wconf 87' lang='lat' dir='ltr'>benigne</span> <span class='ocrx_word' id='word_1_77' title='bbox 1090 1100 1166 1145; x_wconf 90' lang='lat' dir='ltr'>eum</span> 
     </span>
    </p>

    <p class='ocr_par' dir='ltr' id='par_1_5' title="bbox 101 1164 1167 1513">
     <span class='ocr_line' id='line_1_12' title="bbox 101 1164 1167 1251; baseline 0 -18"><span class='ocrx_word' id='word_1_78' title='bbox 101 1185 133 1233; x_wconf 84' lang='lat' dir='ltr'>re</span> <span class='ocrx_word' id='word_1_79' title='bbox 152 1166 263 1231; x_wconf 90' lang='lat' dir='ltr'>liberis</span> <span class='ocrx_word' id='word_1_80' title='bbox 291 1167 422 1250; x_wconf 84' lang='lat' dir='ltr'>excipit:</span> <span class='ocrx_word' id='word_1_81' title='bbox 459 1170 600 1231; x_wconf 90' lang='lat' dir='ltr'>ceterum</span> <span class='ocrx_word' id='word_1_82' title='bbox 627 1165 783 1248; x_wconf 90' lang='lat' dir='ltr'>quadrato</span> <span class='ocrx_word' id='word_1_83' title='bbox 811 1164 952 1248; x_wconf 85' lang='lat' dir='ltr'>agmine,</span> <span class='ocrx_word' id='word_1_84' title='bbox 981 1166 1072 1247; x_wconf 92' lang='lat' dir='ltr'>quod</span> <span class='ocrx_word' id='word_1_85' title='bbox 1092 1167 1167 1251; x_wconf 83' lang='lat' dir='ltr'>ipse</span> 
     </span>
     <span class='ocr_line' id='line_1_13' title="bbox 153 1251 1167 1339; baseline 0.002 -21"><span class='ocrx_word' id='word_1_86' title='bbox 153 1254 302 1339; x_wconf 87' lang='lat' dir='ltr'>ducebat,</span> <span class='ocrx_word' id='word_1_87' title='bbox 337 1256 427 1320; x_wconf 81' lang='lat' dir='ltr'>velut</span> <span class='ocrx_word' id='word_1_88' title='bbox 462 1255 497 1318; x_wconf 94' lang='lat' dir='ltr'>in</span> <span class='ocrx_word' id='word_1_89' title='bbox 532 1255 634 1319; x_wconf 86' lang='lat' dir='ltr'>aciem</span> <span class='ocrx_word' id='word_1_90' title='bbox 664 1254 762 1330; x_wconf 89' lang='lat' dir='ltr'>irent,</span> <span class='ocrx_word' id='word_1_91' title='bbox 797 1251 923 1335; x_wconf 79' lang='lat' dir='ltr'>ingredi</span> <span class='ocrx_word' id='word_1_92' title='bbox 953 1274 1029 1318; x_wconf 89' lang='lat' dir='ltr'>suos</span> <span class='ocrx_word' id='word_1_93' title='bbox 1064 1254 1167 1320; x_wconf 85' lang='lat' dir='ltr'>iubet</span> 
     </span>
     <span class='ocr_line' id='line_1_14' title="bbox 152 1340 1167 1427; baseline 0.003 -22"><span class='ocrx_word' id='word_1_94' title='bbox 152 1342 274 1427; x_wconf 88' lang='lat' dir='ltr'>Magna</span> <span class='ocrx_word' id='word_1_95' title='bbox 296 1364 372 1425; x_wconf 91' lang='lat' dir='ltr'>pars</span> <span class='ocrx_word' id='word_1_96' title='bbox 394 1340 650 1423; x_wconf 86' lang='lat' dir='ltr'>Babyloniorum</span> <span class='ocrx_word' id='word_1_97' title='bbox 673 1340 863 1405; x_wconf 77' lang='lat' dir='ltr'>constiterat</span> <span class='ocrx_word' id='word_1_98' title='bbox 884 1340 919 1402; x_wconf 94' lang='lat' dir='ltr'>in</span> <span class='ocrx_word' id='word_1_99' title='bbox 939 1340 1043 1405; x_wconf 90' lang='lat' dir='ltr'>muris</span> <span class='ocrx_word' id='word_1_100' title='bbox 1068 1343 1167 1408; x_wconf 80' lang='lat' dir='ltr'>avida</span> 
     </span>
     <span class='ocr_line' id='line_1_15' title="bbox 153 1427 1167 1513; baseline 0.004 -22"><span class='ocrx_word' id='word_1_101' title='bbox 153 1428 368 1512; x_wconf 83' lang='lat' dir='ltr'>cognoscendi</span> <span class='ocrx_word' id='word_1_102' title='bbox 385 1449 506 1491; x_wconf 77' lang='lat' dir='ltr'>norum</span> <span class='ocrx_word' id='word_1_103' title='bbox 523 1449 641 1512; x_wconf 83' lang='lat' dir='ltr'>regem,</span> <span class='ocrx_word' id='word_1_104' title='bbox 659 1429 768 1509; x_wconf 84' lang='lat' dir='ltr'>plures</span> <span class='ocrx_word' id='word_1_105' title='bbox 787 1427 916 1492; x_wconf 85' lang='lat' dir='ltr'>obviam</span> <span class='ocrx_word' id='word_1_106' title='bbox 933 1428 1061 1513; x_wconf 83' lang='lat' dir='ltr'>egressi</span> <span class='ocrx_word' id='word_1_107' title='bbox 1080 1436 1167 1495; x_wconf 81' lang='lat' dir='ltr'>sunt</span> 
     </span>
    </p>

    <p class='ocr_par' dir='ltr' id='par_1_6' title="bbox 100 1513 1168 1862">
     <span class='ocr_line' id='line_1_16' title="bbox 100 1513 1167 1603; baseline 0.002 -21"><span class='ocrx_word' id='word_1_108' title='bbox 100 1534 134 1582; x_wconf 80' lang='lat'>20</span> <span class='ocrx_word' id='word_1_109' title='bbox 152 1515 242 1578; x_wconf 89' lang='lat' dir='ltr'>Inter</span> <span class='ocrx_word' id='word_1_110' title='bbox 260 1536 342 1598; x_wconf 91' lang='lat' dir='ltr'>quos</span> <span class='ocrx_word' id='word_1_111' title='bbox 354 1513 579 1598; x_wconf 86' lang='lat' dir='ltr'>Bagophanes‚</span> <span class='ocrx_word' id='word_1_112' title='bbox 603 1514 684 1578; x_wconf 89' lang='lat' dir='ltr'>areis</span> <span class='ocrx_word' id='word_1_113' title='bbox 704 1519 737 1579; x_wconf 91' lang='lat' dir='ltr'>et</span> <span class='ocrx_word' id='word_1_114' title='bbox 751 1514 860 1599; x_wconf 85' lang='lat' dir='ltr'>regiae</span> <span class='ocrx_word' id='word_1_115' title='bbox 872 1514 1029 1598; x_wconf 87' lang='lat' dir='ltr'>pecuniae</span> <span class='ocrx_word' id='word_1_116' title='bbox 1044 1522 1167 1603; x_wconf 84' lang='lat' dir='ltr'>custos,</span> 
     </span>
     <span class='ocr_line' id='line_1_17' title="bbox 152 1600 1168 1686; baseline 0.008 -22"><span class='ocrx_word' id='word_1_117' title='bbox 152 1622 193 1665; x_wconf 90' lang='lat' dir='ltr'>ne</span> <span class='ocrx_word' id='word_1_118' title='bbox 226 1600 332 1666; x_wconf 90' lang='lat' dir='ltr'>studio</span> <span class='ocrx_word' id='word_1_119' title='bbox 365 1623 385 1666; x_wconf 89' lang='lat' dir='ltr'>a</span> <span class='ocrx_word' id='word_1_120' title='bbox 411 1601 544 1666; x_wconf 89' lang='lat' dir='ltr'>Mazaeo</span> <span class='ocrx_word' id='word_1_121' title='bbox 576 1602 770 1686; x_wconf 86' lang='lat' dir='ltr'>vinceretur,</span> <span class='ocrx_word' id='word_1_122' title='bbox 800 1606 907 1667; x_wconf 89' lang='lat' dir='ltr'>totum</span> <span class='ocrx_word' id='word_1_123' title='bbox 936 1603 1002 1667; x_wconf 86' lang='lat' dir='ltr'>iter</span> <span class='ocrx_word' id='word_1_124' title='bbox 1025 1603 1168 1671; x_wconf 85' lang='lat' dir='ltr'>floribus</span> 
     </span>
     <span class='ocr_line' id='line_1_18' title="bbox 153 1690 1168 1777; baseline 0.006 -24"><span class='ocrx_word' id='word_1_125' title='bbox 153 1690 342 1774; x_wconf 88' lang='lat' dir='ltr'>coronisque</span> <span class='ocrx_word' id='word_1_126' title='bbox 379 1692 598 1755; x_wconf 84' lang='lat' dir='ltr'>constraverat</span> <span class='ocrx_word' id='word_1_127' title='bbox 634 1691 794 1774; x_wconf 83' lang='lat' dir='ltr'>argenteis</span> <span class='ocrx_word' id='word_1_128' title='bbox 830 1690 987 1754; x_wconf 87' lang='lat' dir='ltr'>altaribus</span> <span class='ocrx_word' id='word_1_129' title='bbox 1021 1694 1168 1777; x_wconf 88' lang='lat' dir='ltr'>utroque</span> 
     </span>
     <span class='ocr_line' id='line_1_19' title="bbox 152 1776 1167 1862; baseline 0.006 -22"><span class='ocrx_word' id='word_1_130' title='bbox 152 1777 254 1843; x_wconf 89' lang='lat' dir='ltr'>latere</span> <span class='ocrx_word' id='word_1_131' title='bbox 281 1778 462 1862; x_wconf 89' lang='lat' dir='ltr'>dispositis,</span> <span class='ocrx_word' id='word_1_132' title='bbox 489 1799 570 1862; x_wconf 90' lang='lat' dir='ltr'>quae</span> <span class='ocrx_word' id='word_1_133' title='bbox 596 1799 664 1842; x_wconf 94' lang='lat' dir='ltr'>non</span> <span class='ocrx_word' id='word_1_134' title='bbox 690 1781 761 1841; x_wconf 91' lang='lat' dir='ltr'>ture</span> <span class='ocrx_word' id='word_1_135' title='bbox 788 1777 897 1856; x_wconf 89' lang='lat' dir='ltr'>modo,</span> <span class='ocrx_word' id='word_1_136' title='bbox 928 1776 984 1842; x_wconf 90' lang='lat' dir='ltr'>sed</span> <span class='ocrx_word' id='word_1_137' title='bbox 1010 1782 1167 1846; x_wconf 88' lang='lat' dir='ltr'>omnibus</span> 
     </span>
    </p>

    <p class='ocr_par' dir='ltr' id='par_1_7' title="bbox 100 1864 1168 1955">
     <span class='ocr_line' id='line_1_20' title="bbox 100 1864 1168 1955; baseline 0 -20"><span class='ocrx_word' id='word_1_138' title='bbox 100 1887 133 1935; x_wconf 78' lang='lat'>21</span> <span class='ocrx_word' id='word_1_139' title='bbox 154 1866 305 1931; x_wconf 92' lang='lat' dir='ltr'>odoribus</span> <span class='ocrx_word' id='word_1_140' title='bbox 329 1866 554 1931; x_wconf 88' lang='lat' dir='ltr'>cumulaverat.</span> <span class='ocrx_word' id='word_1_141' title='bbox 594 1864 690 1930; x_wconf 89' lang='lat' dir='ltr'>Dona</span> <span class='ocrx_word' id='word_1_142' title='bbox 712 1886 786 1929; x_wconf 90' lang='lat' dir='ltr'>enm</span> <span class='ocrx_word' id='word_1_143' title='bbox 808 1866 1024 1950; x_wconf 84' lang='lat' dir='ltr'>sequebantur</span> <span class='ocrx_word' id='word_1_144' title='bbox 1047 1888 1168 1955; x_wconf 78' lang='lat' dir='ltr'>greges</span> 
     </span>
    </p>

    <p class='ocr_par' dir='ltr' id='par_1_8' title="bbox 75 1954 1167 2038">
     <span class='ocr_line' id='line_1_21' title="bbox 75 1954 1167 2038; baseline 0.006 -23"><span class='ocrx_word' id='word_1_145' title='bbox 75 2032 79 2038; x_wconf 26' lang='grc' dir='ltr'>Ι</span> <span class='ocrx_word' id='word_1_146' title='bbox 152 1974 304 2034; x_wconf 88' lang='lat' dir='ltr'>pecorum</span> <span class='ocrx_word' id='word_1_147' title='bbox 331 1975 562 2037; x_wconf 87' lang='lat' dir='ltr'>equorumque,</span> <span class='ocrx_word' id='word_1_148' title='bbox 593 1954 701 2017; x_wconf 91' lang='lat' dir='ltr'>leones</span> <span class='ocrx_word' id='word_1_149' title='bbox 729 1973 855 2036; x_wconf 82' lang='lat' dir='ltr'>quoque</span> <span class='ocrx_word' id='word_1_150' title='bbox 881 1956 915 2017; x_wconf 92' lang='lat' dir='ltr'>et</span> <span class='ocrx_word' id='word_1_151' title='bbox 935 1954 1091 2036; x_wconf 88' lang='lat' dir='ltr'>pardales</span> <span class='ocrx_word' id='word_1_152' title='bbox 1114 1976 1167 2022; x_wconf 88' lang='lat' dir='ltr'>ca·</span> 
     </span>
    </p>

    <p class='ocr_par' dir='ltr' id='par_1_9' title="bbox 101 2039 1167 2474">
     <span class='ocr_line' id='line_1_22' title="bbox 101 2039 1167 2123; baseline 0.008 -23"><span class='ocrx_word' id='word_1_153' title='bbox 101 2061 134 2109; x_wconf 77' lang='lat'>22</span> <span class='ocrx_word' id='word_1_154' title='bbox 153 2040 220 2103; x_wconf 87' lang='lat' dir='ltr'>veis</span> <span class='ocrx_word' id='word_1_155' title='bbox 251 2040 523 2122; x_wconf 89' lang='lat' dir='ltr'>praeferebantur.</span> <span class='ocrx_word' id='word_1_156' title='bbox 558 2039 648 2123; x_wconf 89' lang='lat' dir='ltr'>Magi</span> <span class='ocrx_word' id='word_1_157' title='bbox 675 2040 788 2104; x_wconf 91' lang='lat' dir='ltr'>deinde</span> <span class='ocrx_word' id='word_1_158' title='bbox 820 2040 879 2107; x_wconf 81' lang='lat' dir='ltr'>sub</span> <span class='ocrx_word' id='word_1_159' title='bbox 911 2062 1002 2105; x_wconf 89' lang='lat' dir='ltr'>more</span> <span class='ocrx_word' id='word_1_160' title='bbox 1030 2064 1167 2109; x_wconf 86' lang='lat' dir='ltr'>carmen</span> 
     </span>
     <span class='ocr_line' id='line_1_23' title="bbox 154 2126 1167 2214; baseline 0.008 -26"><span class='ocrx_word' id='word_1_161' title='bbox 154 2129 318 2210; x_wconf 84' lang='lat' dir='ltr'>canentes,</span> <span class='ocrx_word' id='word_1_162' title='bbox 354 2130 431 2209; x_wconf 79' lang='lat' dir='ltr'>post</span> <span class='ocrx_word' id='word_1_163' title='bbox 464 2127 525 2192; x_wconf 94' lang='lat' dir='ltr'>hos</span> <span class='ocrx_word' id='word_1_164' title='bbox 562 2126 715 2193; x_wconf 80' lang='lat' dir='ltr'>Chaldaei</span> <span class='ocrx_word' id='word_1_165' title='bbox 745 2126 1066 2214; x_wconf 87' lang='lat' dir='ltr'>Babyloniorumque</span> <span class='ocrx_word' id='word_1_166' title='bbox 1097 2152 1167 2196; x_wconf 90' lang='lat' dir='ltr'>non</span> 
     </span>
     <span class='ocr_line' id='line_1_24' title="bbox 153 2213 1166 2305; baseline 0.007 -29"><span class='ocrx_word' id='word_1_167' title='bbox 153 2216 244 2278; x_wconf 86' lang='lat' dir='ltr'>vates</span> <span class='ocrx_word' id='word_1_168' title='bbox 274 2213 386 2299; x_wconf 90' lang='lat' dir='ltr'>modo,</span> <span class='ocrx_word' id='word_1_169' title='bbox 418 2213 474 2278; x_wconf 90' lang='lat' dir='ltr'>sed</span> <span class='ocrx_word' id='word_1_170' title='bbox 501 2215 598 2279; x_wconf 89' lang='lat' dir='ltr'>etiam</span> <span class='ocrx_word' id='word_1_171' title='bbox 625 2215 762 2280; x_wconf 87' lang='lat' dir='ltr'>artifices</span> <span class='ocrx_word' id='word_1_172' title='bbox 789 2236 862 2280; x_wconf 89' lang='lat' dir='ltr'>cnm</span> <span class='ocrx_word' id='word_1_173' title='bbox 888 2215 1007 2281; x_wconf 91' lang='lat' dir='ltr'>fidibus</span> <span class='ocrx_word' id='word_1_174' title='bbox 1034 2218 1090 2283; x_wconf 90' lang='lat' dir='ltr'>sui</span> <span class='ocrx_word' id='word_1_175' title='bbox 1111 2238 1166 2305; x_wconf 74' lang='lat' dir='ltr'>ge</span> 
     </span>
     <span class='ocr_line' id='line_1_25' title="bbox 153 2301 1166 2388; baseline 0.007 -22"><span class='ocrx_word' id='word_1_176' title='bbox 153 2301 239 2366; x_wconf 89' lang='lat' dir='ltr'>neris</span> <span class='ocrx_word' id='word_1_177' title='bbox 265 2302 374 2366; x_wconf 86' lang='lat' dir='ltr'>ibant:</span> <span class='ocrx_word' id='word_1_178' title='bbox 405 2301 517 2367; x_wconf 90' lang='lat' dir='ltr'>laudes</span> <span class='ocrx_word' id='word_1_179' title='bbox 543 2303 578 2367; x_wconf 90' lang='lat' dir='ltr'>hi</span> <span class='ocrx_word' id='word_1_180' title='bbox 604 2322 718 2387; x_wconf 83' lang='lat' dir='ltr'>regum</span> <span class='ocrx_word' id='word_1_181' title='bbox 740 2324 853 2368; x_wconf 87' lang='lat' dir='ltr'>canere</span> <span class='ocrx_word' id='word_1_182' title='bbox 876 2304 976 2388; x_wconf 85' lang='lat' dir='ltr'>soliti,</span> <span class='ocrx_word' id='word_1_183' title='bbox 1008 2301 1166 2373; x_wconf 79' lang='lat' dir='ltr'>Chaldaei</span> 
     </span>
     <span class='ocr_line' id='line_1_26' title="bbox 153 2389 1167 2474; baseline 0.006 -21"><span class='ocrx_word' id='word_1_184' title='bbox 153 2389 292 2454; x_wconf 89' lang='lat' dir='ltr'>siderum</span> <span class='ocrx_word' id='word_1_185' title='bbox 320 2393 428 2454; x_wconf 89' lang='lat' dir='ltr'>motus</span> <span class='ocrx_word' id='word_1_186' title='bbox 461 2393 493 2453; x_wconf 87' lang='lat' dir='ltr'>ct</span> <span class='ocrx_word' id='word_1_187' title='bbox 525 2393 628 2455; x_wconf 91' lang='lat' dir='ltr'>statas</span> <span class='ocrx_word' id='word_1_188' title='bbox 658 2390 744 2455; x_wconf 83' lang='lat' dir='ltr'>vices</span> <span class='ocrx_word' id='word_1_189' title='bbox 772 2393 953 2474; x_wconf 91' lang='lat' dir='ltr'>temporum</span> <span class='ocrx_word' id='word_1_190' title='bbox 982 2394 1167 2459; x_wconf 88' lang='lat' dir='ltr'>ostendere.</span> 
     </span>
    </p>

    <p class='ocr_par' dir='ltr' id='par_1_10' title="bbox 100 2476 1191 2912">
     <span class='ocr_line' id='line_1_27' title="bbox 100 2476 1166 2563; baseline 0.005 -21"><span class='ocrx_word' id='word_1_191' title='bbox 100 2500 133 2548; x_wconf 76' lang='lat' dir='ltr'>aa</span> <span class='ocrx_word' id='word_1_192' title='bbox 152 2478 287 2562; x_wconf 84' lang='lat' dir='ltr'>Equites</span> <span class='ocrx_word' id='word_1_193' title='bbox 320 2478 432 2542; x_wconf 90' lang='lat' dir='ltr'>deinde</span> <span class='ocrx_word' id='word_1_194' title='bbox 458 2476 634 2560; x_wconf 88' lang='lat' dir='ltr'>Babylonii</span> <span class='ocrx_word' id='word_1_195' title='bbox 665 2499 722 2543; x_wconf 93' lang='lat' dir='ltr'>suo</span> <span class='ocrx_word' id='word_1_196' title='bbox 755 2498 971 2563; x_wconf 87' lang='lat' dir='ltr'>equorumque</span> <span class='ocrx_word' id='word_1_197' title='bbox 1003 2480 1096 2546; x_wconf 88' lang='lat' dir='ltr'>cultu</span> <span class='ocrx_word' id='word_1_198' title='bbox 1123 2482 1166 2547; x_wconf 86' lang='lat' dir='ltr'>ad</span> 
     </span>
     <span class='ocr_line' id='line_1_28' title="bbox 152 2565 1166 2651; baseline 0.006 -22"><span class='ocrx_word' id='word_1_199' title='bbox 152 2567 313 2632; x_wconf 85' lang='lat' dir='ltr'>luxuriam</span> <span class='ocrx_word' id='word_1_200' title='bbox 330 2566 445 2651; x_wconf 87' lang='lat' dir='ltr'>magis,</span> <span class='ocrx_word' id='word_1_201' title='bbox 463 2588 560 2650; x_wconf 92' lang='lat' dir='ltr'>quam</span> <span class='ocrx_word' id='word_1_202' title='bbox 580 2566 620 2630; x_wconf 93' lang='lat' dir='ltr'>ad</span> <span class='ocrx_word' id='word_1_203' title='bbox 637 2565 912 2650; x_wconf 83' lang='lat' dir='ltr'>magnificentiam</span> <span class='ocrx_word' id='word_1_204' title='bbox 928 2570 1040 2633; x_wconf 82' lang='lat' dir='ltr'>exacto</span> <span class='ocrx_word' id='word_1_205' title='bbox 1055 2568 1166 2635; x_wconf 88' lang='lat' dir='ltr'>ultimi</span> 
     </span>
     <span class='ocr_line' id='line_1_29' title="bbox 152 2653 1191 2741; baseline 0.006 -24"><span class='ocrx_word' id='word_1_206' title='bbox 152 2654 253 2719; x_wconf 90' lang='lat' dir='ltr'>ibant.</span> <span class='ocrx_word' id='word_1_207' title='bbox 285 2654 355 2719; x_wconf 87' lang='lat' dir='ltr'>Rex</span> <span class='ocrx_word' id='word_1_208' title='bbox 374 2654 508 2719; x_wconf 87' lang='lat' dir='ltr'>armatis</span> <span class='ocrx_word' id='word_1_209' title='bbox 526 2653 666 2737; x_wconf 90' lang='lat' dir='ltr'>stipatus</span> <span class='ocrx_word' id='word_1_210' title='bbox 686 2653 921 2736; x_wconf 90' lang='lat' dir='ltr'>oppidanorum</span> <span class='ocrx_word' id='word_1_211' title='bbox 937 2654 1071 2720; x_wconf 89' lang='lat' dir='ltr'>turbam</span> <span class='ocrx_word' id='word_1_212' title='bbox 1088 2659 1166 2741; x_wconf 81' lang='lat' dir='ltr'>post</span> <span class='ocrx_word' id='word_1_213' title='bbox 1185 2684 1191 2695; x_wconf 95' lang='lat'><strong>·</strong></span> 
     </span>
     <span class='ocr_line' id='line_1_30' title="bbox 152 2741 1165 2825; baseline 0.006 -22"><span class='ocrx_word' id='word_1_214' title='bbox 152 2741 284 2805; x_wconf 89' lang='lat' dir='ltr'>ultimos</span> <span class='ocrx_word' id='word_1_215' title='bbox 312 2742 435 2825; x_wconf 90' lang='lat' dir='ltr'>pedites</span> <span class='ocrx_word' id='word_1_216' title='bbox 462 2743 509 2806; x_wconf 89' lang='lat' dir='ltr'>ire</span> <span class='ocrx_word' id='word_1_217' title='bbox 535 2741 643 2806; x_wconf 92' lang='lat' dir='ltr'>iussit:</span> <span class='ocrx_word' id='word_1_218' title='bbox 672 2741 742 2823; x_wconf 86' lang='lat' dir='ltr'>ipsc</span> <span class='ocrx_word' id='word_1_219' title='bbox 769 2762 841 2806; x_wconf 90' lang='lat' dir='ltr'>cum</span> <span class='ocrx_word' id='word_1_220' title='bbox 869 2762 963 2807; x_wconf 89' lang='lat' dir='ltr'>curru</span> <span class='ocrx_word' id='word_1_221' title='bbox 984 2742 1103 2808; x_wconf 89' lang='lat' dir='ltr'>urbem</span> <span class='ocrx_word' id='word_1_222' title='bbox 1126 2766 1165 2809; x_wconf 87' lang='lat' dir='ltr'>ac</span> 
     </span>
     <span class='ocr_line' id='line_1_31' title="bbox 154 2827 1165 2912; baseline 0.007 -22"><span class='ocrx_word' id='word_1_223' title='bbox 154 2827 266 2890; x_wconf 87' lang='lat' dir='ltr'>deinde</span> <span class='ocrx_word' id='word_1_224' title='bbox 285 2829 407 2912; x_wconf 87' lang='lat' dir='ltr'>regiam</span> <span class='ocrx_word' id='word_1_225' title='bbox 424 2829 566 2893; x_wconf 81' lang='lat' dir='ltr'>intravit.</span> <span class='ocrx_word' id='word_1_226' title='bbox 602 2828 736 2893; x_wconf 88' lang='lat' dir='ltr'>Postero</span> <span class='ocrx_word' id='word_1_227' title='bbox 751 2828 802 2893; x_wconf 90' lang='lat' dir='ltr'>die</span> <span class='ocrx_word' id='word_1_228' title='bbox 816 2830 1050 2912; x_wconf 89' lang='lat' dir='ltr'>supellectilem</span> <span class='ocrx_word' id='word_1_229' title='bbox 1062 2828 1165 2897; x_wconf 87' lang='lat' dir='ltr'>Darei</span> 
     </span>
    </p>

    <p class='ocr_par' dir='ltr' id='par_1_11' title="bbox 101 2914 1196 3269">
     <span class='ocr_line' id='line_1_32' title="bbox 101 2914 1196 3002; baseline 0.009 -27"><span class='ocrx_word' id='word_1_230' title='bbox 101 2934 135 2983; x_wconf 76' lang='lat'>24</span> <span class='ocrx_word' id='word_1_231' title='bbox 153 2916 186 2976; x_wconf 92' lang='lat' dir='ltr'>et</span> <span class='ocrx_word' id='word_1_232' title='bbox 209 2934 337 2977; x_wconf 90' lang='lat' dir='ltr'>omnem</span> <span class='ocrx_word' id='word_1_233' title='bbox 358 2917 529 2998; x_wconf 89' lang='lat' dir='ltr'>pecuniam</span> <span class='ocrx_word' id='word_1_234' title='bbox 550 2916 745 3001; x_wconf 84' lang='lat' dir='ltr'>recognovit.</span> <span class='ocrx_word' id='word_1_235' title='bbox 781 2914 931 2982; x_wconf 78' lang='lat' dir='ltr'>(letarum</span> <span class='ocrx_word' id='word_1_236' title='bbox 950 2918 1053 3002; x_wconf 87' lang='lat' dir='ltr'>ipsius</span> <span class='ocrx_word' id='word_1_237' title='bbox 1071 2920 1196 2985; x_wconf 77' lang='lat' dir='ltr'>urbisl</span> 
     </span>
     <span class='ocr_line' id='line_1_33' title="bbox 152 3000 1165 3091; baseline 0.011 -27"><span class='ocrx_word' id='word_1_238' title='bbox 152 3000 357 3085; x_wconf 88' lang='lat' dir='ltr'>pulchritudo</span> <span class='ocrx_word' id='word_1_239' title='bbox 390 3022 427 3065; x_wconf 88' lang='lat' dir='ltr'>ac</span> <span class='ocrx_word' id='word_1_240' title='bbox 457 3006 601 3067; x_wconf 81' lang='lat' dir='ltr'>vetustas</span> <span class='ocrx_word' id='word_1_241' title='bbox 629 3025 696 3067; x_wconf 91' lang='lat' dir='ltr'>non</span> <span class='ocrx_word' id='word_1_242' title='bbox 722 3005 808 3088; x_wconf 84' lang='lat' dir='ltr'>regis</span> <span class='ocrx_word' id='word_1_243' title='bbox 835 3006 945 3091; x_wconf 85' lang='lat' dir='ltr'>modo,</span> <span class='ocrx_word' id='word_1_244' title='bbox 977 3006 1035 3071; x_wconf 86' lang='lat' dir='ltr'>sed</span> <span class='ocrx_word' id='word_1_245' title='bbox 1061 3008 1165 3075; x_wconf 86' lang='lat' dir='ltr'>etiam</span> 
     </span>
     <span class='ocr_line' id='line_1_34' title="bbox 153 3089 1166 3163; baseline 0.007 -8"><span class='ocrx_word' id='word_1_246' title='bbox 153 3089 298 3155; x_wconf 91' lang='lat' dir='ltr'>omnium</span> <span class='ocrx_word' id='word_1_247' title='bbox 334 3089 444 3153; x_wconf 89' lang='lat' dir='ltr'>oculos</span> <span class='ocrx_word' id='word_1_248' title='bbox 480 3090 515 3152; x_wconf 93' lang='lat' dir='ltr'>in</span> <span class='ocrx_word' id='word_1_249' title='bbox 551 3093 653 3153; x_wconf 85' lang='lat' dir='ltr'>semet</span> <span class='ocrx_word' id='word_1_250' title='bbox 686 3090 773 3155; x_wconf 90' lang='lat' dir='ltr'>haud</span> <span class='ocrx_word' id='word_1_251' title='bbox 790 3145 793 3153; x_wconf 93' lang='lat'>.</span> <span class='ocrx_word' id='word_1_252' title='bbox 808 3092 959 3158; x_wconf 90' lang='lat' dir='ltr'>inmerito</span> <span class='ocrx_word' id='word_1_253' title='bbox 992 3097 1166 3163; x_wconf 81' lang='lat' dir='ltr'>convertit.</span> 
     </span>
     <span class='ocr_line' id='line_1_35' title="bbox 153 3175 1167 3269; baseline 0.009 -28"><span class='ocrx_word' id='word_1_254' title='bbox 153 3175 340 3241; x_wconf 82' lang='lat' dir='ltr'>Samiramis</span> <span class='ocrx_word' id='word_1_255' title='bbox 364 3197 436 3241; x_wconf 87' lang='lat' dir='ltr'>eam</span> <span class='ocrx_word' id='word_1_256' title='bbox 459 3175 652 3258; x_wconf 89' lang='lat' dir='ltr'>condiderat,</span> <span class='ocrx_word' id='word_1_257' title='bbox 673 3199 748 3261; x_wconf 83' lang='lat' dir='ltr'>non,</span> <span class='ocrx_word' id='word_1_258' title='bbox 769 3182 807 3243; x_wconf 90' lang='lat' dir='ltr'>ut</span> <span class='ocrx_word' id='word_1_259' title='bbox 827 3181 972 3265; x_wconf 89' lang='lat' dir='ltr'>plerique</span> <span class='ocrx_word' id='word_1_260' title='bbox 990 3182 1167 3269; x_wconf 83' lang='lat' dir='ltr'>credidere,</span> 
     </span>
    </p>

    <p class='ocr_par' dir='ltr' id='par_1_12' title="bbox 100 3263 1165 3438">
     <span class='ocr_line' id='line_1_36' title="bbox 100 3263 1165 3348; baseline 0.009 -21"><span class='ocrx_word' id='word_1_261' title='bbox 100 3284 134 3336; x_wconf 75' lang='lat'>26</span> <span class='ocrx_word' id='word_1_262' title='bbox 152 3263 264 3347; x_wconf 85' lang='lat' dir='ltr'>Belus,</span> <span class='ocrx_word' id='word_1_263' title='bbox 286 3264 375 3330; x_wconf 87' lang='lat' dir='ltr'>cuius</span> <span class='ocrx_word' id='word_1_264' title='bbox 397 3265 487 3348; x_wconf 89' lang='lat' dir='ltr'>regia</span> <span class='ocrx_word' id='word_1_265' title='bbox 509 3263 697 3329; x_wconf 87' lang='lat' dir='ltr'>ostenditur.</span> <span class='ocrx_word' id='word_1_266' title='bbox 732 3265 843 3333; x_wconf 90' lang='lat' dir='ltr'>Murus</span> <span class='ocrx_word' id='word_1_267' title='bbox 865 3270 1043 3334; x_wconf 85' lang='lat' dir='ltr'>instructus</span> <span class='ocrx_word' id='word_1_268' title='bbox 1065 3272 1165 3338; x_wconf 87' lang='lat' dir='ltr'>later·</span> 
     </span>
     <span class='ocr_line' id='line_1_37' title="bbox 153 3352 1164 3438; baseline 0.009 -21"><span class='ocrx_word' id='word_1_269' title='bbox 153 3352 224 3417; x_wconf 90' lang='lat' dir='ltr'>culo</span> <span class='ocrx_word' id='word_1_270' title='bbox 248 3352 367 3436; x_wconf 90' lang='lat' dir='ltr'>coctili,</span> <span class='ocrx_word' id='word_1_271' title='bbox 396 3352 552 3416; x_wconf 89' lang='lat' dir='ltr'>bitumine</span> <span class='ocrx_word' id='word_1_272' title='bbox 573 3352 748 3438; x_wconf 91' lang='lat' dir='ltr'>interlitus,</span> <span class='ocrx_word' id='word_1_273' title='bbox 771 3357 912 3438; x_wconf 88' lang='lat' dir='ltr'>spatium</span> <span class='ocrx_word' id='word_1_274' title='bbox 933 3375 1006 3423; x_wconf 84' lang='lat' dir='ltr'>xxx</span> <span class='ocrx_word' id='word_1_275' title='bbox 1028 3360 1063 3423; x_wconf 86' lang='lat' dir='ltr'>et</span> <span class='ocrx_word' id='word_1_276' title='bbox 1084 3360 1164 3427; x_wconf 89' lang='lat' dir='ltr'>dno·</span> 
     </span>
    </p>
   </div>
   <div class='ocr_carea' id='block_1_3' title="bbox 99 3438 1166 3611">
    <p class='ocr_par' dir='ltr' id='par_1_13' title="bbox 99 3438 1166 3611">
     <span class='ocr_line' id='line_1_38' title="bbox 152 3438 1166 3531; baseline 0.002 -26"><span class='ocrx_word' id='word_1_277' title='bbox 152 3463 224 3505; x_wconf 90' lang='lat' dir='ltr'>rum</span> <span class='ocrx_word' id='word_1_278' title='bbox 242 3438 359 3522; x_wconf 89' lang='lat' dir='ltr'>pedum</span> <span class='ocrx_word' id='word_1_279' title='bbox 376 3441 411 3504; x_wconf 79' lang='lat' dir='ltr'>ira</span> <span class='ocrx_word' id='word_1_280' title='bbox 428 3438 631 3504; x_wconf 90' lang='lat' dir='ltr'>latitudinem</span> <span class='ocrx_word' id='word_1_281' title='bbox 645 3442 861 3524; x_wconf 91' lang='lat' dir='ltr'>amplectitur:</span> <span class='ocrx_word' id='word_1_282' title='bbox 884 3444 1061 3531; x_wconf 84' lang='lat' dir='ltr'>quadrigae</span> <span class='ocrx_word' id='word_1_283' title='bbox 1073 3447 1166 3515; x_wconf 77' lang='lat' dir='ltr'>inter·</span> 
     </span>
     <span class='ocr_line' id='line_1_39' title="bbox 99 3527 1166 3611; baseline 0.001 -16"><span class='ocrx_word' id='word_1_284' title='bbox 99 3551 133 3601; x_wconf 78' lang='lat' dir='ltr'>aa</span> <span class='ocrx_word' id='word_1_285' title='bbox 153 3551 186 3595; x_wconf 91' lang='lat' dir='ltr'>se</span> <span class='ocrx_word' id='word_1_286' title='bbox 210 3530 413 3593; x_wconf 87' lang='lat' dir='ltr'>occurrentes</span> <span class='ocrx_word' id='word_1_287' title='bbox 437 3527 506 3593; x_wconf 93' lang='lat' dir='ltr'>sine</span> <span class='ocrx_word' id='word_1_288' title='bbox 527 3528 668 3611; x_wconf 88' lang='lat' dir='ltr'>periculo</span> <span class='ocrx_word' id='word_1_289' title='bbox 693 3550 872 3595; x_wconf 91' lang='lat' dir='ltr'>commeare</span> <span class='ocrx_word' id='word_1_290' title='bbox 889 3531 1048 3600; x_wconf 91' lang='lat' dir='ltr'>dicuntur.</span> <span class='ocrx_word' id='word_1_291' title='bbox 1077 3535 1166 3603; x_wconf 73' lang='lat' dir='ltr'>Alfi-</span> 
     </span>
    </p>
   </div>
   <div class='ocr_carea' id='block_1_4' title="bbox 0 0 1216 3892">
    <p class='ocr_par' dir='ltr' id='par_1_14' title="bbox 0 0 1216 3892">
     <span class='ocr_line' id='line_1_40' title="bbox 0 0 1216 3892; baseline 0 1"><span class='ocrx_word' id='word_1_292' title='bbox 0 0 1216 3892; x_wconf 95' lang='lat' dir='ltr'> </span> 
     </span>
    </p>
   </div>
   <div class='ocr_carea' id='block_1_5' title="bbox 197 3698 275 3860">
    <p class='ocr_par' dir='ltr' id='par_1_15' title="bbox 197 3698 275 3860">
     <span class='ocr_line' id='line_1_41' title="bbox 197 3698 275 3860; baseline 0 0"><span class='ocrx_word' id='word_1_293' title='bbox 197 3698 275 3860; x_wconf 80' lang='lat' dir='ltr'><em>s</em></span> 
     </span>
    </p>
   </div>
  </div>
 </body>
</html>
