2422 3892
120 162 183 227 188
491 162 521 227 Q.
542 158 654 215 OURTI
672 160 758 215 RUFI

65 318 98 365 41
118 307 238 371 bantur
259 306 423 371 abducere.
460 301 576 388 Clitus,
595 325 667 369 cum
686 304 937 388 abstraheretur,
959 306 1006 371 ad
1025 308 1132 391 pristi-

117 418 194 460 nam
220 394 408 459 violentiam
435 393 485 457 ira
508 412 632 475 quoque
661 391 797 476 adiecta,
825 413 883 457 suo
906 397 1045 478 pectore
1074 399 1134 460 ter·

119 504 195 568 gum
213 482 302 546 illius
322 503 391 546 esse
410 479 584 562 defensum,
606 500 700 563 nunc,
720 482 894 564 postquam
911 482 1004 546 tanti
1023 484 1135 550 meriti

118 570 321 655 praeterierit
350 572 492 651 tempus,
525 567 623 632 etiam
655 568 842 632 memoriam
872 567 1020 634 invisam
1053 592 1136 656 csse,

65 669 99 717 42
118 659 305 741 proclamat
345 656 452 720 Attali
470 676 596 739 quoque
615 656 743 720 caedem
762 655 924 721 obiciebat
941 660 977 722 et
995 658 1041 722 ed
1061 659 1136 725 ulti·

118 768 207 810 mum
238 744 337 826 Iovis,
369 765 464 826 quem
495 747 620 826 patrem
648 743 711 807 sibi
737 743 921 808 Alexander
953 745 1136 832 adsereret

119 833 286 897 oraculum
308 830 451 914 eludens,
478 831 604 896 veriora
631 852 664 895 se
692 831 762 916 regi
785 853 882 916 quam
904 834 1038 914 patrem
1064 837 1136 901 cius

66 931 100 979 43
118 918 324 1002 respondisse
343 919 478 983 dicebat.
518 917 589 982 Iam
611 921 739 983 tantum
761 918 828 984 irae
851 917 1049 1003 conceperat
1070 945 1137 1007 rex,

120 1010 276 1092 quantum
298 1007 352 1071 vix
375 1007 500 1071 sobrius
522 1007 607 1071 ferre
630 1007 798 1089 potuisset
842 1007 1023 1074 Enimvero
1053 1012 1137 1076 olim

66 1106 101 1153 44
120 1116 209 1160 mero
232 1095 379 1160 sensibus
401 1095 497 1160 victis
521 1116 559 1159 ex
581 1095 663 1159 lecto
680 1097 811 1178 repente
829 1095 992 1178 prosiluit
1035 1097 1137 1166 Atto

118 1184 179 1248 niti
203 1184 297 1248 amici
319 1205 359 1247 ne
381 1183 497 1266 positis
521 1181 660 1266 quidem,
682 1181 738 1247 sed
756 1183 890 1247 abiectis
908 1185 1040 1266 poculis
1062 1209 1137 1253 con·

119 1275 256 1356 surgunt
283 1271 317 1335 in
340 1274 489 1336 eventum
511 1270 571 1352 rei,
600 1293 696 1356 quam
722 1274 816 1335 tanto
844 1271 968 1355 impetu
997 1277 1137 1341 acturus

65 1369 100 1418 45
119 1363 222 1443 esset,
252 1359 379 1423 intenti.
432 1357 614 1422 Alexander
643 1362 736 1440 rapta
767 1359 887 1460 lancea.
907 1379 946 1423 ex
976 1364 1137 1429 manibus
1164 1360 1167 1369 '

118 1468 278 1598 litigii
299 1445 1138 1616 {ltdtdltttltptlttldtmtttld

65 1632 100 1680 46
118 1621 292 1685 inhibetur.
332 1619 475 1684 Medium
498 1621 645 1704 conplexi
664 1622 723 1703 [et]
743 1622 903 1687 obluctari
920 1644 1137 1705 perseveran-

118 1714 185 1774 tem
208 1710 432 1774 morabantnr:
455 1707 666 1791 Lysimachus
685 1712 719 1773 et
735 1707 921 1774 Leonnatus
940 1711 1046 1777 etiam
1067 1715 1137 1781 lan·

65 1808 99 1856 4⁷
118 1819 208 1863 ceam
237 1797 446 1863 abstulerant.
490 1797 550 1862 Ille
577 1798 717 1862 militum
744 1797 840 1862 fidem
862 1798 1032 1880 inplorans
1058 1823 1137 1870 con·

116 1885 273 1969 prehendi
294 1906 329 1950 se
352 1908 371 1949 a
394 1885 549 1968 proximis
572 1886 761 1967 amicorum,
787 1884 872 1968 quod
895 1885 1004 1950 Dareo
1026 1910 1138 1975 nuper

118 1973 295 2054 accidisset,
315 1973 474 2037 exclamat
488 1974 678 2056 signumque
697 1974 777 2037 tuba
794 1972 873 2056 dari,
890 1976 928 2037 ut
946 1973 987 2037 ad
1001 1978 1138 2062 regiam

64 2071 99 2119 48
119 2061 237 2124 armati
256 2059 393 2142 coirent,
415 2060 515 2123 iubet.
559 2060 642 2124 Tum
665 2082 740 2125 vero
762 2060 966 2126 Ptolemaeus
995 2068 1031 2128 et
1055 2065 1138 2132 Per·

117 2146 222 2210 diceas
251 2146 386 2230 genibus
414 2146 559 2212 advoluti
587 2152 695 2231 orant,
725 2169 765 2212 ne
796 2150 830 2212 in
857 2153 926 2212 tam
951 2154 1138 2239 praecipiti

116 2236 166 2299 ira
192 2238 376 2319 perseveret
407 2234 611 2319 spatiumque
641 2237 751 2318 potius
779 2236 886 2301 animo
914 2235 983 2302 det:
1016 2244 1139 2308 omnia

116 2327 246 2407 postero
279 2323 329 2386 die
361 2321 478 2387 iustius
510 2326 725 2388 executurum.
780 2321 842 2388 Sed
873 2325 1002 2392 clausae
1035 2335 1139 2395 erant

64 2422 98 2469 49
118 2432 210 2476 aures
242 2411 449 2494 obstrepente
479 2411 536 2476 ira
584 2411 697 2495 Itaque
729 2411 890 2495 impotens
922 2411 1026 2477 animi
1057 2438 1139 2501 pro·

117 2499 218 2563 currit
243 2499 279 2563 in
305 2498 414 2582 regiae
441 2500 636 2564 vestibulum
663 2503 696 2564 et
718 2499 811 2584 vigili
834 2500 1006 2564 excubanti
1029 2501 1139 2571 hasta

117 2588 227 2652 ablata
259 2587 406 2652 constitit
436 2587 470 2651 in
502 2587 606 2671 aditu,
637 2608 700 2670 quo
726 2608 856 2652 necesse
884 2590 953 2651 erat
979 2588 1038 2674 iis,
1076 2595 1139 2678 qui

64 2685 98 2735 50
117 2676 214 2740 simul
233 2678 436 2758 amaverant,
455 2676 572 2760 egredi.
607 2675 765 2739 Abierant
783 2675 890 2740 ceteri.
927 2673 1035 2741 Clitus
1055 2680 1139 2747 ulti·

116 2785 188 2827 mus
217 2763 285 2827 sine
312 2763 433 2827 lumine
461 2764 579 2827 exibat.
624 2762 725 2838 Quem
752 2784 822 2845 rex,
852 2763 1002 2848 quisnam
1032 2775 1140 2855 esset,

116 2850 307 2933 interrogat.
355 2849 530 2914 Eminebat
562 2852 661 2915 etiam
692 2851 726 2915 in
758 2872 834 2916 voce
862 2850 1007 2935 sceleris,
1041 2859 1139 2939 quod

63 2949 95 2995 51
116 2937 268 3020 parabat,
292 2937 456 3001 atrocitas.
500 2936 546 3001 Et
573 2938 642 3023 ille,
669 2939 735 3003 iam
757 2960 823 3003 non
846 2961 936 3022 suae,
958 2939 1016 3003 sed
1039 2947 1139 3031 regis

116 3026 183 3090 irae
206 3045 337 3102 memor,
361 3022 483 3088 Clitum
508 3045 576 3089 esse
599 3029 633 3090 et
656 3026 694 3090 de
714 3025 860 3092 convivio
884 3027 971 3090 exire
994 3049 1141 3116 respon·

64 3123 97 3171 52
118 3113 173 3177 dit.
223 3112 313 3177 Haec
345 3112 482 3177 dicentis
512 3113 598 3178 latus
625 3114 721 3179 hasta
750 3115 915 3179 transfixit
942 3117 1142 3189 morientis-

117 3222 177 3284 que
197 3200 353 3284 sanguine
371 3199 552 3285 adspersus,
570 3200 598 3265 ‘I
610 3201 715 3280 nunc,'
733 3203 848 3287 inquit,
867 3201 919 3267 ‘ad
936 3201 1142 3293 Philippum

118 3291 150 3352 et
172 3287 419 3354 Parmenionem
443 3292 475 3353 et
497 3288 667 3355 Attalum?
