2422 3892
299 156 550 212 HISTORIARUM
568 154 783 209 ALEXANDRI
802 155 887 223 VIIII,
905 161 930 208 2.
1054 157 1117 221 231

114 302 249 366 vanitas.
282 299 336 365 Sic
350 283 483 364 Ciliciae
500 298 624 382 fauces,
642 298 688 363 sie
706 297 961 381 Mesopotamiae
979 320 1121 386 campos,

115 390 240 474 Tigrim
272 391 305 452 et
336 386 539 471 Euphraten,
572 407 707 470 quorum
732 386 871 452 alterum
897 387 980 452 vado
1004 388 1122 452 transi·

115 479 229 561 vimus,
243 476 381 541 alterum
395 478 502 559 ponte,
520 475 697 540 terribilem
715 474 858 540 fecerant
871 474 998 540 Persae.
1020 473 1120 539 Num·
1141 487 1173 537 111

117 587 213 648 quam
227 564 267 629 ad
287 564 444 648 liquidum
457 562 545 627 fama
563 563 761 648 perducitur,
781 563 889 628 omnia
902 562 961 628 illa
973 562 1122 629 tradente

115 654 239 717 maiora
262 657 338 717 sunt
360 673 445 716 vero.
484 649 605 716 Nostra
629 672 755 735 quoque
779 650 896 736 gloria,
920 673 992 716 cum
1016 651 1060 716 sit
1083 673 1134 715 ex·

116 741 234 819 solido,
256 741 329 824 plus
353 743 463 804 tamen
484 738 585 804 habet
600 739 741 804 nominis
761 760 856 823 quam
876 740 991 825 operis.
1024 738 1121 804 Modo
1142 748 1173 797 le

116 829 187 913 quis
201 829 313 892 beluas
328 828 498 893 offerentes
514 828 675 892 moenium
689 827 837 911 speciem,
851 829 923 912 quis
934 827 1123 912 Hydaspem

116 938 253 1000 amnem,
276 917 347 999 quis
367 919 473 980 cetera
491 914 603 979 auditu
620 915 745 980 maiora
763 936 858 998 quam
877 937 953 980 vero
972 915 1122 981 sustineri

114 1025 210 1088 posse
234 1003 406 1069 credebat?
452 1001 554 1086 Olim,
579 1002 722 1086 hercule,
749 1003 944 1086 fugissemus
971 1003 1121 1087 ardeia,

101 1092 144 1155 si
171 1113 231 1155 nos
263 1091 392 1156 fabulae
422 1091 585 1155 debellare
611 1091 802 1175 potuissent.
852 1087 1033 1156 Creditisne
1061 1093 1174 1156 ele-16

115 1177 312 1262 phantorum
331 1199 445 1263 greges
464 1180 601 1243 maiores
621 1200 705 1262 esee,
728 1200 824 1261 quam
844 1201 982 1262 usquam
1001 1200 1123 1243 armen-

115 1269 223 1331 torum
237 1269 321 1344 sunt,
339 1288 412 1331 cum
427 1269 459 1330 et
472 1288 581 1331 rarum
596 1267 640 1331 sit
654 1267 773 1331 animal
790 1287 849 1331 nec
866 1265 963 1330 facile
977 1268 1125 1349 capiatur

117 1355 283 1437 multoque
311 1353 474 1418 difficilius
499 1355 686 1438 mitigetur?
732 1354 833 1438 Atqui
862 1353 973 1418 eadem
995 1354 1123 1418 vanitas
1143 1363 1175 1412 1‘1

116 1443 224 1524 copias
250 1441 395 1524 peditum
419 1443 625 1525 equitumque
646 1442 838 1506 numeravit.
882 1439 969 1506 Nam
996 1442 1124 1525 flumen,

115 1551 178 1611 quo
206 1529 306 1593 latius
333 1529 441 1592 fusum
469 1533 531 1610 est,
558 1528 619 1594 hoc
646 1530 803 1612 placidius
827 1533 973 1613 stagnat:
1006 1529 1124 1613 quippe

117 1618 875 1785 istitbathildi,balthild?
888 1617 1126 1787 lltltgllss

116 1809 228 1852 cursus
249 1790 307 1851 est
348 1786 518 1851 Praeterea
535 1788 570 1850 in
588 1788 660 1870 ripa
678 1810 772 1852 omne
791 1790 970 1872 periculum
988 1794 1047 1873 est,
1067 1791 1125 1855 ubi
1146 1802 1177 1850 18

67 1955 71 1962 Ι
116 1875 317 1957 adplicantes
335 1874 468 1957 navigia
491 1874 595 1938 hostis
616 1877 772 1958 expectat.
807 1875 860 1941 Ita
877 1880 1124 1959 quantumcum-

116 1983 176 2045 que
210 1962 329 2026 flumcn
360 1961 546 2044 intervenit,
579 1962 665 2026 idem
696 1963 842 2029 futurum
874 1965 1045 2030 discrimen
1075 1970 1125 2031 cst

116 2050 318 2114 evadentium
341 2050 527 2114 interram.
572 2047 634 2114 Sed
658 2052 766 2116 omnia
788 2052 854 2117 ista
875 2074 953 2117 vera
976 2074 1045 2118 esse
1069 2055 1125 2118 fin·

116 2158 239 2222 gamus.
284 2135 444 2202 Utrumne
466 2159 524 2202 vos
548 2139 736 2223 magnitudo
762 2140 929 2205 beluarum
953 2163 995 2205 an
1017 2143 1124 2206 multi·
1145 2153 1177 2200 le

80 2225 194 2290 9tudo
226 2224 369 2290 hostium
396 2225 518 2290 terret?
564 2227 656 2302 Quod
687 2227 830 2310 pertinet
856 2228 896 2292 ad
924 2228 1125 2312 elephantos,

116 2333 267 2397 praesens
304 2312 460 2378 habemus
493 2315 689 2398 exemplum:
726 2315 760 2378 in
793 2336 868 2380 suos
902 2317 1124 2380 vehementius

116 2423 212 2485 quam
240 2402 275 2464 in
301 2422 361 2465 nos
384 2401 639 2485 incucurrerunt,
665 2405 734 2465 tam
759 2407 853 2467 vasta
876 2423 1012 2485 corpora
1037 2420 1124 2467 secu-

115 2490 204 2554 ribus
227 2488 429 2572 falcibusque
453 2489 603 2552 mutilata
623 2491 706 2552 sunt.
745 2488 828 2565 Quid
848 2494 956 2553 autem
978 2490 1124 2574 interest,
1142 2501 1177 2550 20

114 2576 252 2640 totidem
275 2579 354 2659 sint,
382 2580 462 2660 quot
489 2576 590 2640 Porus
622 2575 750 2654 habuit,
782 2597 824 2640 an
851 2593 890 2640 111
917 2577 1021 2661 milia,
1054 2599 1122 2642 eum

115 2684 181 2726 uno
210 2667 267 2726 aut
293 2664 395 2727 altero
423 2662 602 2726 vulneratis
629 2664 785 2728 uideamus
808 2666 930 2728 ceteros
953 2663 988 2728 in
1014 2663 1125 2749 fugam

116 2749 292 2814 declinari?
341 2748 425 2836 Dein
453 2769 572 2833 paucos
605 2771 731 2833 quoque
762 2751 963 2816 incommode
995 2756 1125 2837 regunt:
1144 2765 1176 2812 21

116 2841 314 2921 congregata
341 2857 416 2901 vero
448 2839 499 2902 tot
525 2835 616 2901 milia
647 2837 720 2921 ipsa
753 2859 787 2902 se
819 2838 952 2923 elidant,
983 2841 1038 2904 ubi
1066 2861 1125 2906 nec

117 2929 203 2990 stare
228 2946 288 2989 neo
310 2923 420 3009 fugere
448 2925 614 3007 potuerint
637 2925 796 2991 inhabiles
824 2930 991 2992 vastorum
1015 2950 1125 3012 corpo·

116 3035 188 3078 rum
220 3013 331 3077 moles.
385 3011 542 3096 Equidem
576 3015 622 3077 sic
654 3014 808 3079 animalia
839 3015 903 3080 ista
935 3012 1125 3100 contempsi,

115 3105 165 3184 ut,
189 3122 262 3166 cum
283 3100 437 3165 haberem
458 3101 542 3183 ipse,
564 3122 630 3166 non
648 3103 867 3184 opposuerim,
891 3103 972 3168 satis
996 3123 1125 3188 gnarus,

115 3190 188 3272 plus
223 3190 289 3254 suis
323 3210 419 3272 quam
450 3188 598 3254 hostibus
629 3191 765 3272 periculi
792 3190 919 3255 inferre.
967 3189 1014 3254 At
1039 3192 1125 3255 enim
1143 3203 1177 3250 22

117 3277 261 3360 equitum
287 3277 495 3360 peditumque
518 3277 691 3342 multitudo
717 3300 776 3343 vos
803 3278 999 3344 commovet!
1044 3276 1126 3344 (lum

115 3365 226 3446 paucis
259 3365 346 3429 enim
382 3385 527 3449 pugnare
563 3365 652 3430 soliti
684 3365 762 3430 estis
795 3370 829 3431 et
864 3372 949 3430 hunc
985 3366 1125 3450 primum

119 3452 317 3517 inconditam
341 3452 543 3518 sustinebitis
566 3453 703 3519 turbam.
743 3453 848 3520 Testis
872 3455 1024 3519 adversus
1043 3455 1124 3517 mul·
1143 3466 1178 3512 aa

116 3541 287 3605 titudinem
314 3541 428 3606 invicti
450 3541 666 3608 Macedonum
689 3542 825 3609 roboris
844 3540 1017 3607 (bremens
1036 3537 1155 3596 amma
