2422 3892
246 164 500 221 HISTORIARUM
517 165 732 222 ALEXANDRI
749 166 787 234 V,
807 173 849 221 11.
869 173 910 221 12.
1033 167 1094 231 107

85 309 192 374 losum
215 312 300 373 esset
320 330 388 374 non
410 309 536 374 eredere
559 309 634 392 suis,
657 330 753 392 quam
771 309 882 392 decipi.
918 327 989 374 xxx
1006 311 1095 375 milia
1114 333 1130 381 4

87 400 192 479 erant,
224 416 359 480 quorum
389 397 544 461 inclinata
574 397 610 460 in
636 397 738 461 scelus
764 397 880 462 levitas
907 398 1094 463 timebatur:

15 552 22 565 ,
86 502 138 549 n11
155 483 245 549 milia
259 482 381 550 Patron
398 484 552 549 habebat:
576 484 691 567 quibus
710 484 738 550 si
755 485 942 550 credidisset
960 487 1095 550 salutem

89 593 180 636 suam
208 571 361 637 damnata
387 573 590 655 popularium
616 573 691 655 fide,
721 573 892 656 parricidio
920 575 1095 638 exeusatio-

82 659 163 723 nem
180 658 310 724 ridebat
327 658 445 724 offerri.
480 658 594 743 Itaque
611 661 823 743 praeoptabat
835 661 984 726 inmerito
999 684 1094 745 quam
1115 684 1129 730 5

89 747 158 811 iure
183 747 305 822 violari,
347 745 448 812 Besso
475 750 584 810 tamen
610 748 798 812 insidiarum
825 749 994 814 eonsilium
1021 770 1095 832 pur-

89 835 180 920 ganti
209 835 390 918 respondit,
420 834 596 898 Alexandri
625 836 686 899 sibi
712 857 779 900 non
806 837 911 900 minus
938 837 1095 901 iustitiam

88 944 184 1006 quam
210 922 363 986 virtutem
390 942 460 986 esse
486 924 695 1005 perspectam.
738 922 820 987 Falli
846 945 915 1007 eos,
946 925 1000 1007 qui
1022 945 1095 1007 pro·

80 1010 218 1075 'ditionis
246 1010 286 1074 ab
315 1031 353 1073 eo
375 1011 553 1093 praemium
575 1012 754 1092 expectent:
784 1011 921 1074 violatae
943 1012 1018 1090 fidei
1040 1033 1095 1076 ne·

86 1098 207 1162 minem
237 1097 391 1162 acriorem
420 1097 491 1162 iore
520 1097 679 1162 vindicem
707 1097 916 1181 ultoremque.
964 1098 1130 1182 Iamqueu

87 1205 152 1248 nox
178 1184 361 1269 adpetebat,
393 1205 466 1249 curn
488 1183 605 1248 Persae
631 1205 719 1248 more
743 1185 838 1249 solito
861 1185 958 1248 armis
981 1187 1095 1268 positis

89 1271 130 1336 ad
151 1271 331 1336 necessaria
353 1293 392 1336 ex
412 1272 557 1355 proximo
580 1272 651 1336 rico
673 1271 806 1336 ferenda
824 1271 1015 1336 discurrunt.
1050 1271 1097 1336 At

10 1385 23 1417 ι
87 1357 262 1442 Bactriani,
283 1362 321 1424 ut
341 1360 533 1443 imperatum
556 1381 576 1422 a
592 1358 693 1423 Besso
717 1362 795 1442 erat,
818 1360 933 1424 armati
956 1360 1095 1424 stabant.

34 1429 176 1511 33Intoe
201 1447 281 1512 haee
302 1446 427 1512 Dareus
453 1447 650 1511 Artabazum
678 1447 774 1511 acciri
795 1446 897 1530 iubet,
927 1448 1128 1530 expositis-⁷

88 1556 161 1618 que,
184 1557 266 1619 quae
288 1533 410 1600 Patron
433 1535 606 1618 detulerat,
627 1534 717 1599 haud·
737 1534 884 1599 dubitare
906 1534 1095 1618 Artabazus,

88 1623 167 1705 quin
191 1622 425 1687 transeundum
452 1625 537 1686 esset
561 1622 597 1685 in
620 1626 725 1686 castra
747 1622 955 1687 Graecorum:
981 1622 1096 1687 Persas

88 1730 215 1793 quoque
245 1709 387 1792 periculo
418 1710 551 1792 vulgato
583 1714 755 1774 secuturos.
799 1707 988 1774 Destinatus
1015 1711 1129 1778 sortis

89 1817 165 1860 suae
188 1799 221 1860 et
242 1797 307 1859 iam
329 1795 448 1859 nullius
472 1796 608 1861 salubris
627 1797 753 1861 consilii
770 1798 897 1879 patiens
914 1797 1042 1860 unicam
1060 1797 1096 1860 in

87 1883 145 1946 illa
170 1883 303 1948 fortuna
325 1904 417 1967 opem
439 1883 648 1965 Artabazum,
677 1884 826 1948 ultimum
847 1884 938 1947 illum
961 1884 1096 1966 visurus,

89 1971 291 2054 amplectitur
321 1971 531 2055 perfususque
561 1971 680 2036 mutuis
707 1970 847 2035 lacrimis
874 1970 1095 2035 inhaerentem

88 2059 150 2123 sibi
168 2060 262 2122 avelli
279 2059 382 2123 iubet:
405 2060 509 2142 eapite
528 2059 641 2124 deinde
658 2061 774 2142 velato,
796 2080 837 2123 ne
854 2058 938 2122 inter
956 2059 1094 2143 gemitus

88 2146 320 2229 digredientem
341 2147 430 2211 velut
452 2169 472 2211 a
493 2151 573 2230 rogo
596 2149 787 2229 intueretur,
801 2147 844 2210 in
866 2146 999 2211 humum
1022 2168 1095 2230 pro-

88 2254 166 2296 num
188 2255 303 2316 corpus
326 2234 452 2298 abiecit.
488 2232 571 2298 Turn
592 2256 668 2299 vero
691 2233 854 2299 custodiae
875 2235 941 2299 eius
961 2235 1095 2316 adsueti,
1114 2253 1129 2300 9

88 2341 168 2403 quos
195 2322 279 2405 regis
303 2323 439 2386 salutem
460 2322 512 2386 vel
534 2322 682 2405 periculis
705 2323 789 2386 vitae
811 2322 894 2386 tueri
917 2323 1095 2404 oportebat,

88 2408 203 2493 dilapsi
225 2412 302 2473 sunt
322 2413 419 2493 metu,
442 2410 583 2489 armatis,
606 2430 686 2492 quos
708 2409 773 2477 iam
796 2409 976 2472 adventare¹
990 2407 1095 2470 erede·

87 2496 179 2580 bant,
213 2496 300 2561 haud
331 2499 394 2561 rati
426 2518 460 2561 se
491 2497 617 2577 futruos
647 2516 748 2578 pares.
782 2493 921 2577 ingens
953 2514 1030 2576 ergo
1061 2493 1097 2555 in

86 2584 293 2648 tabernaculo
317 2584 457 2649 solitudo
481 2586 551 2647 erat
569 2585 679 2667 paucis
698 2580 903 2664 spadonibus,
926 2580 1009 2662 quia,
1032 2599 1095 2662 quo

88 2671 294 2752 discederent,
315 2692 383 2733 non
404 2670 578 2752 habebant,
600 2667 882 2732 circumstantibus
900 2686 1017 2750 regem.
1050 2665 1097 2728 At
1116 2685 1149 2733 10

87 2756 141 2818 ille
172 2757 313 2819 remotis·
336 2757 464 2820 arbitris
495 2756 549 2819 diu
576 2754 663 2818 aliud
691 2757 786 2836 atque
814 2752 900 2817 aliud
927 2754 1095 2818 eonsilium

88 2842 196 2905 animo
227 2842 403 2905 volutabat.
454 2841 585 2925 Iamque
617 2840 836 2923 solitudinem,
872 2862 969 2924 quarn
998 2842 1096 2925 paulo

88 2934 184 2994 antea
212 2950 272 3012 pro
299 2928 418 2993 solacio
449 2929 620 3012 petiverat,
650 2949 783 3012 perosus
809 2927 962 2992 Bubacen
988 2929 1097 2993 vocari

86 3018 184 3082 iubet.
229 3015 332 3092 Quem
358 3016 500 3098 intuens,
529 3015 613 3098 ‘Itc',
643 3016 761 3099 inquit,
794 3015 965 3080 ‘consulite
994 3017 1096 3097 vobis,
1117 3035 1147 3082 11

87 3106 128 3168 ad
145 3105 295 3169 ultimum
312 3103 382 3186 regi
399 3107 516 3184 vestro,
538 3106 576 3166 ut
594 3103 734 3184 decebat,
756 3101 818 3165 fide
836 3103 987 3166 exhibita.
1022 3102 1095 3183 Ego

86 3192 138 3255 hic
167 3193 271 3275 legem
297 3191 358 3254 fati
385 3191 448 3254 mei
475 3191 615 3270 expecto.
664 3187 814 3251 Forsitan
840 3188 978 3263 mireris,
1010 3187 1096 3268 quod

86 3278 187 3340 vitam
203 3298 271 3339 non
284 3277 413 3340 finiam:
432 3276 537 3339 alieno
556 3275 673 3338 scelere
692 3294 788 3355 quam
806 3293 878 3336 meo
892 3273 974 3336 mori
987 3271 1095 3337 malo?

88 3359 166 3424 Post
198 3362 283 3426 hanc
318 3382 428 3428 vocem
464 3360 564 3444 spado
600 3359 723 3445 gemitu
754 3379 822 3423 non
852 3359 1095 3424 tabernaculum
1116 3379 1147 3426 12

87 3447 192 3529 modo,
213 3449 270 3512 sed
291 3449 389 3513 etiam
407 3453 513 3513 castra
531 3446 701 3531 conplevit.
735 3445 889 3530 Inrupere
908 3446 1021 3510 deinde
1040 3446 1096 3509 alii

86 3533 296 3618 laceratisque
318 3537 460 3601 vestibus
482 3536 612 3619 lugubri
634 3538 668 3598 et
689 3534 825 3598 barbaro
844 3533 968 3597 ululatu
986 3553 1095 3616 regern
1164 3576 1167 3581 ·
