2422 3892
129 140 171 204 32
290 136 293 143 ’
410 100 454 170 '-
504 129 536 210 o.
555 143 768 215 1111111111

129 286 216 350 tibus
238 287 340 371 facta,
358 287 455 352 serio
482 289 548 351 iam
570 309 625 352 rex
647 289 762 353 iisdem
784 289 1013 356 comitantibus
1036 292 1072 355 in
1095 313 1146 356 re·

78 394 111 442 14
130 374 217 459 giam
244 375 397 458 pervenit.
442 375 543 440 Fama
569 377 697 459 deinde,
727 380 765 441 ut
793 378 887 460 solet,
920 382 1049 442 strenue
1071 383 1146 445 tota

129 463 212 528 urbe·
239 463 396 528 discurrit.
432 462 580 528 Aliorum
610 465 764 545 studium,
797 465 933 530 aliorum
959 464 1173 551 indignatio

130 551 305 616 eminebat:
342 551 552 616 divitissimus
583 554 715 637 quisque
741 553 957 626 humilitatem
983 554 1144 637 inopiam-

78 658 110 707 25
130 660 191 723 que
224 639 292 704 eius
321 640 406 723 apud
435 640 554 704 amicos
585 641 761 706 Alexandri
791 641 1030 706 criminabatur.
1075 641 1143 706 Ad-

93 805 95 810 Ι
129 727 216 790 mitti
252 750 326 792 eum
357 748 422 806 reu¹
443 729 591 812 protinus
621 730 715 793 iussit
747 729 863 813 diuque
896 731 1144 814 contemplatus,

131 813 319 898 ‘Corporis',
346 815 464 900 inquit,
494 815 640 881 ‘habitus
667 817 773 881 famae
800 818 927 901 generis
954 839 1022 882 non
1048 840 1143 902 repu-

131 906 223 986 gnat:
255 904 310 968 sed
336 905 417 968 libet
439 904 532 988 seire,
558 905 701 988 inopiam
724 927 788 988 qua
809 905 967 991 patientia
989 904 1143 969 tulerisP'

131 990 318 1075 111111,
350 991 524 1074 ‘Utinam',
558 993 677 1076 inquit,
710 991 832 1056 ‘eodem
865 993 972 1057 animo
1005 1014 1144 1078 regnum

130 1079 199 1161 pati
221 1080 356 1162 possim!
379 1080 441 1144 hae
464 1102 578 1145 manus
602 1080 752 1144 suffecere
775 1080 932 1145 desiderio
951 1102 1037 1145 meo:
1060 1081 1145 1146 nihil

78 1186 111 1235 aa
130 1167 263 1232 habenti
294 1169 377 1233 nihil
408 1167 534 1232 defuit'
588 1168 727 1253 Magnae
762 1168 881 1233 indolis
916 1168 1077 1252 specimen
1105 1185 1145 1233 ex
1188 1170 1193 1180 ’

130 1255 192 1320 hoc
215 1253 361 1322 sermone
384 1256 605 1341 Abdalonymi
632 1257 723 1342 oepit.
759 1256 873 1341 ltaque
900 1277 967 1321 non
982 1254 1144 1321 Stratonis

130 1344 225 1408 modo
253 1345 376 1429 regiam
400 1345 629 1427 supellectilem
653 1345 785 1408 attribui
808 1345 838 1408 ei
860 1342 967 1428 iussit,
997 1344 1052 1408 sed
1075 1346 1143 1428 ple-

131 1453 229 1515 raque
253 1434 412 1496 etiamen
430 1431 559 1495 Persica
580 1432 713 1514 praeda,
730 1432 896 1517 regionem
919 1453 1046 1517 quoque
1069 1432 1145 1497 urbi

131 1518 312 1602 adpositam
336 1519 455 1584 dicioni
477 1519 545 1582 eius
568 1519 692 1584 adiecit.
1196 1531 1200 1538 ’

79 1627 113 1675 aa
219 1605 347 1672 Interea
368 1605 544 1690 Amyntas,
576 1629 670 1691 quem
693 1607 733 1671 ad
756 1607 870 1671 Persas
894 1607 934 1672 ah
958 1606 1181 1676 Alexandrob

130 1696 345 1780 transfugisse
368 1696 514 1778 diximus,
536 1716 610 1759 cum
632 1699 785 1779 quattuor
804 1696 933 1776 milibus
948 1694 1145 1762 Graecorum

131 1784 238 1867 ipsum
261 1807 300 1848 ex
323 1785 390 1849 acie
413 1783 588 1869 persecutis
611 1783 690 1867 fuga
705 1783 853 1866 Tripolin
874 1783 1029 1867 pervenit.
1064 1783 1145 1849 Inde
1163 1783 1186 1810 '·

26 1882 33 1894 '
131 1873 166 1935 in
187 1894 285 1938 naves
304 1872 460 1937 militibus
483 1872 634 1957 inpositis
648 1871 791 1954 Cyprum
809 1872 990 1936 transmisit
1007 1875 1048 1955 et,
1071 1884 1145 1944 oum

131 1961 166 2024 in
202 1961 258 2025 illo
296 1965 383 2025 statu
418 1982 526 2024 rerum
556 1961 590 2024 id
626 1981 797 2044 quemque,
829 1959 915 2043 quod
948 1964 1182 2043 occupasset,

131 2047 317 2112 habiturum
354 2049 563 2113 arbitraretur
598 2049 686 2112 velut
721 2051 808 2112 eerto
844 2048 913 2112 iure
949 2069 1161 2132 possessum,

132 2134 320 2221 Aegyptum
359 2139 468 2220 petere
508 2132 668 2221 decrerit,
705 2136 832 2220 utrique
868 2136 938 2220 regi
965 2135 1076 2200 =hostis
1113 2141 1147 2200 et

81 2244 114 2293 28
134 2245 261 2308 semper
283 2246 321 2288 ex
340 2225 473 2308 ancipiti
490 2224 668 2289 mutatione
685 2227 866 2308 temporum
879 2223 1032 2308 pendens.
1061 2223 1146 2288 Hor-

133 2315 283 2396 tatusque
312 2313 430 2376 milites
460 2311 501 2377 ad
532 2335 622 2396 spem
653 2315 763 2376 tantae
795 2312 842 2376 rei
873 2313 966 2376 docet
992 2309 1147 2396 Sabacen,

97 2473 100 2477 ‚
132 2405 314 2485 praetorem
337 2401 493 2486 Aegypti,
515 2401 665 2465 cecidisse
692 2401 727 2464 in
750 2400 833 2465 acie:
861 2398 1032 2464 Persarum
1053 2420 1146 2482 prae·
1183 2411 1186 2419 '

134 2490 250 2555 sidium
287 2493 319 2554 et
355 2490 423 2554 sine
459 2490 538 2554 duce
572 2509 643 2554 esse
675 2493 707 2552 et
737 2487 927 2572 invalidum,
961 2486 1147 2572 Aegyptios

133 2589 259 2663 semper
288 2579 490 2663 praetoribus
524 2599 636 2642 eorum
666 2577 803 2641 infestos
834 2597 892 2658 pro
923 2575 1019 2660 sociis
1048 2576 1175 2659 ipsos·

81 2670 114 2734 aa
133 2689 201 2731 non
227 2689 285 2752 pro
313 2667 461 2732 hostibus
485 2667 719 2731 aestimaturos,
750 2663 868 2729 Omnia
885 2663 1021 2747 experiri
1037 2683 1146 2728 neces-

135 2755 212 2817 sitas
241 2755 390 2859 cogebat:
423 2755 539 2838 quippe
562 2776 635 2819 cum
657 2752 778 2837 primas
801 2773 874 2835 spes
896 2751 1028 2816 fortuna
1050 2751 1147 2815 desti·

133 2842 210 2924 tuit,
231 2842 350 2906 futura
363 2844 584 2926 praesentibus
606 2841 756 2905 ridentur
778 2861 848 2904 esse
870 2839 1007 2924 potiora.
1041 2837 1149 2922 Igitur

134 2928 351 3011 conclamant,
379 2930 521 3014 duceret,
549 2951 612 3014 quo
635 2929 804 2993 videretur.
848 2928 956 3012 Atque
978 2928 1033 2992 ille
1054 2928 1147 2990 uten-

135 3016 211 3081 dum
242 3017 377 3100 animis,
417 3017 493 3081 dum
530 3038 586 3100 spe
624 3017 777 3101 calerent,
815 3020 918 3101 ratus,
955 3015 997 3080 ad
1025 3013 1150 3080 Pelusii

135 3107 254 3170 ostium
282 3107 444 3189 penetrat,
476 3105 631 3168 simulans
658 3127 678 3168 a
700 3104 807 3170 Dareo
834 3126 868 3169 se
896 3125 966 3168 esse
992 3103 1148 3187 praemis·
1197 3167 1200 3174 ,

32 3205 35 3210 ’
82 3214 117 3263 co
137 3215 215 3258 sum.
250 3192 377 3258 Potitus
401 3214 477 3278 ergo
499 3191 618 3257 Pelusii
641 3192 818 3278 Memphim
841 3192 950 3275 copias
972 3190 1149 3275 promovit:

136 3282 189 3361 ad,
200 3281 289 3345 11111
312 3282 433 3345 famam
446 3281 611 3367 Aegyptii,
632 3303 717 3346 rana
734 3301 815 3366 gens
832 3283 865 3345 et
877 3279 1036 3345 novandis
1050 3300 1149 3363 quam

50 3403 54 3410 ·
135 3370 282 3454 gerendis
307 3370 412 3454 aptior
432 3370 538 3454 rebus,
562 3392 600 3434 ex
623 3371 689 3434 suis
713 3370 831 3454 quique
853 3369 932 3433 vicis
950 3368 1149 3450 urbibusque

135 3457 199 3521 huo
213 3459 346 3543 [ipsum]
367 3462 563 3524 concurrunt
585 3458 626 3522 ad
647 3457 782 3522 delenda
794 3456 954 3540 praesidia
967 3456 1150 3533 Persarum.

69 3546 196 3619 ’11111ιί
217 3548 322 3611 territi
346 3550 454 3613 himen
477 3568 567 3634 spem
591 3545 752 3612 retinendi
770 3545 957 3629 Aegyptum
979 3565 1046 3609 non
1068 3543 1149 3608 omi·
