2422 3892
140 151 203 215 102
344 214 348 222 ,
509 150 541 217 o.
561 150 774 207 1111111111
899 222 901 226 Α

53 299 55 302 ’
137 317 195 360 nec
219 299 275 361 aut
297 295 466 361 consilium
490 295 682 379 suppetebat
699 298 755 359 aut
772 316 846 360 vox:
870 315 944 359 cum
956 293 1149 379 Artabazus,

15 455 22 465 ‚
76 443 80 448 .
136 383 373 449 vetustissimus
405 383 592 466 amicorum,
626 403 720 467 quem
750 381 911 465 hospitem
941 382 1041 446 fuisse
1072 382 1148 446 Phi-

97 555 100 558 ,
135 472 216 555 lippi
234 492 330 554 supra
348 470 494 554 diximus,
516 469 600 534 ³N0s
618 469 705 534 vero’
706 469 849 569 ,inquit
868 468 1149 552 pretiosissimam

136 564 258 623 vestem
284 558 390 622 induti
418 559 589 641 armisque,
618 521 737 642 quanio
760 557 900 621 maximo
924 558 1012 622 cultu
1034 578 1149 641 possu-

136 668 220 729 mus,
251 645 400 711 adamati
373 648 535 730 tregam
561 645 595 708 in
623 645 723 709 aciem
747 665 928 728 sequemur,
955 666 993 709 ca
1017 644 1149 728 quidem

136 697 253 817 menle,
275 736 312 797 ut
329 733 496 798 victoriam
515 753 686 817 speremus,
705 736 841 798 mortem
857 753 925 796 non
943 731 1149 797 recusemus?

103 841 118 887 1
138 820 286 884 Adsensu
309 841 459 904 excepere
482 821 578 884 ceteri
598 819 683 884 hanc
705 841 830 903 vocem,
853 819 908 883 sed
930 817 1148 902 Nabarzanes,

137 909 192 991 qui
214 909 249 971 in
272 908 383 973 ecdem
406 909 539 972 consilio
564 911 646 990 erat,
673 929 746 972 cum
768 907 868 972 Besso
890 907 1028 971 inauditi
1051 911 1149 972 antea
1196 974 1200 980 ,

136 995 290 1061 facinoris
310 997 462 1061 societate
480 996 562 1060 inita
579 1015 687 1080 regem
706 1017 799 1060 suum
812 1016 870 1079 per
884 995 1011 1077 milites,
1030 996 1148 1079 quibus

138 1083 231 1149 ambo
254 1087 434 1167 praeerant,
456 1083 713 1167 conprehendere
736 1086 770 1146 et
790 1083 912 1147 vincire
930 1082 1148 1166 decreverant,

138 1192 175 1235 ea
197 1175 317 1256 mente,
340 1175 389 1255 ut,
413 1172 441 1235 si
462 1171 645 1235 Alexander
665 1171 753 1255 ipsos
775 1170 938 1236 insecutus
960 1170 1058 1253 foret,
1080 1173 1149 1235 tra·

137 1260 204 1324 dito
227 1280 302 1345 rege
324 1259 398 1323 vivo
416 1259 537 1323 inirent
555 1259 693 1344 gratiam
711 1259 850 1342 victoris,
872 1258 988 1342 magni
999 1257 1150 1341 profecto

54 1417 58 1425 ,
137 1348 259 1430 cepisse
285 1345 427 1412 Dareum
455 1347 668 1428 aestimaturi,
697 1347 748 1409 sin
776 1349 883 1410 autem
911 1367 984 1410 sum
1007 1345 1148 1431 effugere

136 1434 331 1517 potuissent,
362 1433 531 1519 interfecto
557 1432 664 1497 Dareo
695 1452 831 1517 regnum
861 1433 925 1516 ipsi
953 1437 1150 1516 occuparent

102 1541 117 1588 a
137 1521 317 1604 bellumque
347 1523 547 1585 renovarent.
591 1519 663 1584 Hoc
689 1521 896 1604 parricidium
918 1542 992 1585 cum
1014 1521 1069 1585 diu
1091 1542 1148 1586 vo»

135 1609 303 1691 lutassent,
326 1606 532 1672 Nabarzanes
556 1608 678 1672 aditum
694 1607 835 1673 nefariae
854 1609 923 1691 spei
940 1629 1148 1708 praeparans,

137 1693 225 1760 ³Scio
257 1694 325 1759 me'
326 1696 482 1779 ,inquit,
515 1695 720 1761 ³sententiam
752 1716 821 1760 esse
853 1695 1012 1773 dicturum
1040 1696 1150 1778 prima

136 1784 240 1868 specie
262 1746 511 1885 haudquaquam
534 1784 664 1852 auribus
686 1783 751 1847 tuis
773 1786 908 1868 gratam
946 1781 1008 1848 Sed
1031 1783 1150 1848 medici

25 1887 26 1890 ’
137 1892 263 1955 quoque
295 1873 459 1956 graviores
488 1871 618 1936 morbos
649 1871 770 1954 asperis
796 1871 945 1935 remediis
972 1875 1087 1934 emant
1114 1876 1150 1936 et

137 1958 346 2059 gubernator,
377 1960 432 2024 ubi
459 1959 665 2043 naufragium
690 1959 796 2040 timet,
826 1958 963 2041 iactura,
991 1957 1149 2043 quidquid

102 2046 258 2111 41111111
279 2050 401 2130 potest,
423 2045 560 2110 redimit.
603 2045 676 2130 Ego
698 2007 822 2129 tameir,
843 2067 911 2110 non
933 2047 971 2108 ut
992 2045 1149 2110 damnum

137 2133 264 2216 quidem
287 2133 400 2215 facias,
423 2132 550 2217 suadeo,
573 2133 628 2197 sed
650 2136 688 2198 ut
708 2136 741 2197 11
764 2154 802 2197 11
824 2153 958 2217 regnum
980 2135 1072 2197 tuum
1095 2155 1148 2197 sa·

135 2219 220 2284 lubri
247 2220 371 2284 ratione
397 2241 574 2301 conserves.
618 2220 677 2285 Dis
706 2220 847 2285 adversis
873 2220 994 2284 bellum
1016 2220 1148 2304 inimus,

136 2311 169 2371 et
190 2309 338 2391 pertinax
360 2307 491 2372 fortuna
510 2306 624 2373 Persas
646 2328 760 2393 urgere
782 2328 850 2372 non
871 2307 998 2372 desinit.
1041 2305 1148 2373 Novis

135 2395 237 2460 initiis
265 2398 298 2459 et
320 2396 480 2460 ominibus
503 2417 584 2480 opus
607 2399 665 2461 est.
709 2395 898 2479 Auspicium
920 2398 954 2459 et
974 2395 1148 2478 imperium

135 2484 264 2548 interim
294 2483 349 2548 alii
374 2483 479 2567 trade,
511 2484 566 2567 qui
592 2484 715 2548 tamdiu
742 2505 798 2548 rex
825 2483 1014 2566 appelletur,
1044 2480 1148 2548 donec

135 2569 215 2636 Asia
237 2572 369 2637 decedat
390 2571 502 2655 hostis,
524 2572 627 2637 victor
649 2571 762 2635 deinde
784 2590 920 2655 regnum
941 2569 1003 2634 tibi
1023 2569 1147 2636 reddat.

101 2658 206 2724 sHoc
230 2663 338 2725 autem
359 2660 449 2724 brevi
470 2659 615 2724 futurum
636 2659 719 2722 ratio
742 2659 912 2742 promittit.
955 2655 1074 2722 Bactra
1095 2658 1147 2721 in-

134 2750 223 2811 tacta
245 2751 334 2830 sunt,
355 2746 429 2811 Indi
452 2751 485 2811 et
507 2744 605 2811 Sacae
627 2747 663 2810 iu
684 2750 742 2810 111
763 2749 938 2829 potestate:
961 2748 1013 2810 tot
1032 2747 1147 2829 populi

134 2836 186 2898 tot
212 2835 380 2917 exercitus,
411 2836 462 2897 tot
484 2835 625 2918 equitum
647 2833 853 2918 peditumque
876 2833 965 2897 milia
988 2832 1028 2896 ad
1051 2853 1146 2898 reno·

134 2920 255 2985 vandas
273 2921 356 2985 vires
374 2924 488 3003 parata
504 2922 634 3005 habent,
655 2925 693 2986 ut
710 2921 812 2986 maior
829 2920 906 2985 belli
919 2922 1021 2986 moles
1035 2940 1146 3002 super-

101 3008 192 3090 1111,
224 3012 319 3091 quam
347 3007 511 3072 exhausta·
528 3009 579 3073 sit.
624 3008 707 3085 Quid
733 3009 857 3073 ruimus
884 3008 1053 3075 beluarum
1077 3007 1146 3071 ritu

134 3096 169 3159 in
196 3095 370 3179 perniciem
393 3116 460 3160 non
482 3095 716 3160 necessariam?
760 3095 908 3160 Fortium
931 3095 1072 3161 virorum
1094 3099 1147 3159 est

101 3202 114 3249 1
135 3183 238 3267 magis
262 3185 398 3248 mortem
421 3185 633 3266 contemnere,
656 3205 752 3284 quam
773 3184 878 3248 odisse
896 3183 1005 3248 vitam.
1042 3179 1146 3264 Saepe

9 3240 87 3397 Χ
135 3271 240 3335 taedio
274 3271 393 3336 laboris
426 3271 467 3335 ad
490 3233 655 3335 vilitatein
686 3271 736 3335 sui
767 3270 1034 3423 conpelluntur
1024 3270 1145 3353 rgnavi.

98 3357 180 3436 ,At
212 3359 293 3423 nihil
325 3359 427 3423 virtus
455 3358 656 3443 inexpertum
686 3358 816 3424 omittit.
864 3357 966 3458 Atqui
994 3357 1147 3420 ultimum

133 3447 277 3510 omnium
304 3468 391 3511 mors
419 3446 550 3511 1111111
577 3468 673 3530 quam
699 3467 766 3511 ncn
792 3446 886 3530 pigre
913 3446 960 3508 ire
983 3444 1062 3507 11111
1085 3447 1146 3507 est

72 3547 95 3592 8
109 3531 259 3596 Proinde
280 3557 310 3599 sr
307 3533 470 3622 Bactra,
498 3533 588 3622 quod
608 3533 811 3600 tutissimum
827 3530 1065 3613 receptaculum
1087 3534 1148 3613 est,
