2422 3892
270 81 524 183 msroauauir
542 125 758 182 muranum
775 94 880 196 v‚1.¹
1025 127 1068 191 83
1179 148 1182 155 ·

60 273 139 338 tudo
171 272 255 338 muri
285 288 308 336 n
335 271 518 337 cubitorum
548 271 670 336 eminet
695 271 815 354 spatio:
850 272 957 335 turres
980 269 1070 335 denis
1147 288 1157 305 ·

60 361 194 445 pedibus
218 381 316 445 quam
337 381 448 424 murus
472 360 603 425 altiores
626 362 710 424 sunt
741 358 856 424 Totius
880 358 985 442 operis
1004 380 1071 423 am·
1181 366 1186 375 '

61 450 148 513 bitus
176 449 316 514 cccxxv
332 448 437 512 stadia
464 447 689 531 conplectitur:
723 446 924 532 singulorum
952 446 1069 511 stadio-

61 559 133 602 rum
156 539 350 600 structuram
372 536 508 621 singulis
530 535 642 600 diebus
664 533 841 619 perfectam
864 556 933 598 esse
952 555 1071 599 memo·

61 625 129 689 riae
156 623 319 707 proditum
342 626 400 688 est
444 621 601 688 Aedificia
622 644 690 688 non
711 626 787 688 sunt
809 621 940 686 admota
961 623 1071 704 muris,

62 712 118 776 sed
144 712 212 776 fere
238 713 380 795 spatium
406 711 510 796 iugeri
535 711 630 776 unius
657 711 783 776 absunt.
827 709 877 775 Ac
902 713 1071 775 ne-totam
1089 728 1123 778 a?

62 799 190 884 quidem
212 800 325 864 urbem
346 799 442 864 tectis
466 801 760 882 occupaverunt-
772 820 831 882 per
853 815 947 863 nxxx
965 797 1070 862 stadia

60 888 270 952 habitabatur
292 923 335 935 ·-
357 909 417 952 nec
440 887 549 953 omnia
572 886 724 952 continua
746 889 837 968 sunt,
864 886 972 970 credo,
994 886 1070 969 quia

60 976 163 1041 tutius
186 975 291 1040 visum
314 977 365 1039 est
392 975 538 1058 pluribus
560 975 639 1039 locis
663 974 781 1057 spargi.
826 971 940 1039 Cetera
962 977 1071 1038 serunt
1205 1047 1209 1056 ι

62 1063 243 1145 coluntque,
265 1065 311 1144 ut,
334 1062 362 1125 si
381 1065 514 1126 externa
531 1062 581 1127 ris
599 1063 740 1146 ingruat,
758 1061 899 1126 obsessis
917 1060 1072 1125 alimenta

63 1171 103 1214 ex
124 1150 226 1232 ipsius
249 1149 339 1212 urbis
362 1149 431 1214 solo
451 1149 743 1214 subministrentur.
771 1147 956 1231 Euphrates
973 1149 1070 1212 inter-
1090 1167 1124 1217 28

62 1237 134 1300 fluit
151 1255 351 1320 magnaeque
369 1237 465 1301 molis
484 1236 700 1320 crepidinibus
719 1239 891 1301 coercetur.
923 1232 986 1300 Sed
1004 1257 1072 1300 om-

62 1324 152 1389 nium
184 1345 318 1407 operum
348 1323 602 1408 magnitudinem
633 1323 888 1388 circumveniunt
916 1343 1071 1387 cavernae

62 1413 225 1497 ingentes,
256 1412 291 1475 in
318 1411 522 1476 altitudinem
550 1433 680 1494 pressae
707 1411 749 1475 ad
772 1410 991 1494 accipiendum
1013 1411 1072 1473 im·

62 1503 173 1584 petum
195 1499 351 1584 fluminis,
383 1499 482 1583 quod,
513 1500 574 1576 ubi,
596 1498 762 1583 adpositae
785 1498 957 1582 crepidinis
979 1498 1071 1563 fasti-

63 1589 153 1673 gium
172 1588 319 1672 excessit,
339 1588 430 1652 urbis
447 1590 535 1652 tecta
552 1588 734 1670 corriperet,
751 1587 816 1652 nisi
834 1589 943 1652 essent
957 1607 1070 1670 specus

62 1676 222 1760 lacusque,
244 1675 300 1758 qui
317 1676 508 1758 exciperent.
545 1673 662 1740 Coctili
679 1675 834 1739 laterculo
854 1674 968 1739 structi
975 1677 1070 1739 sunt:
1090 1695 1123 1743 aa

63 1766 169 1827 totum
192 1784 273 1848 opus
295 1762 453 1826 bitumine
476 1762 697 1846 adstringItur.
736 1761 824 1827 Pons
846 1761 992 1844 lapideus
1014 1761 1070 1824 flu·

50 1841 145 1914 'mini
167 1849 328 1933 inpositus
350 1850 459 1934 iungit
471 1850 601 1914 urbem.
637 1849 700 1915 Hic
723 1869 847 1932 quoque
869 1850 954 1933 inter
976 1849 1070 1912 mira·

62 1939 142 2002 bilia
165 1936 305 2003 Orientis
328 1959 427 2021 opera
448 1940 633 2002 numeratus
656 1939 719 2003 est:
747 1939 865 2020 quippe
887 1936 1071 2019 Euphrates

63 2027 166 2091 altum
196 2025 311 2090 limum
339 2025 441 2110 vehit,
478 2048 541 2110 quo
567 2026 695 2109 penitus
723 2025 764 2089 ad
789 2024 1000 2091 fundamenta
1025 2025 1072 2088 ia·

64 2113 178 2177 cienda
209 2117 320 2198 egesto
351 2114 406 2178 vix
437 2113 599 2178 sufficiens
631 2113 721 2197 operi
747 2113 839 2178 firmo
861 2116 1073 2197 reppererunt

65 2201 182 2265 solum:
217 2200 355 2266 harenae
391 2204 499 2267 autem
535 2201 670 2266 subinde
703 2201 885 2281 cumulatae
912 2205 945 2265 et
976 2200 1072 2283 saxis,
1090 2220 1125 2270 30

65 2288 137 2371 quis
164 2309 247 2371 pons
275 2289 465 2373 sustinetur,
497 2289 639 2354 adnexae
659 2292 828 2368 morantur
850 2311 990 2370 amnem,
1017 2288 1072 2371 qui

63 2378 208 2441 retentus
231 2377 345 2461 acrius,
368 2399 466 2462 quam
486 2378 515 2442 si
532 2378 634 2443 libero
652 2399 747 2442 cursu
765 2379 896 2460 mearet,
917 2374 1072 2440 inliditur.

26 2463 182 2538 5Arcem
205 2485 331 2549 quoque
363 2466 488 2531 ambitu
518 2482 566 2530 xx
592 2464 697 2528 stadia
727 2465 915 2546 conplexam
941 2462 1071 2526 habent.
1090 2482 1125 2531 31

63 2570 135 2618 xxx
165 2553 261 2636 pedes
301 2553 336 2617 in
371 2556 491 2618 terram
524 2553 663 2616 turrium
694 2551 904 2615 fundamenta
934 2549 1073 2623 demissa

64 2643 149 2723 sunt,
172 2641 214 2704 ad
234 2657 328 2704 xxxx
346 2661 507 2704 summum
524 2639 716 2703 munimenti
732 2637 900 2720 fastigium
917 2636 1072 2719 pervenit.

64 2725 169 2811 Super
191 2748 310 2810 arcem,
332 2725 716 2811 vulgatumGraecorum
737 2724 856 2789 fabulis
874 2725 1072 2808 miraculum,
1090 2746 1125 2795 aa

62 2814 205 2899 pensiles
236 2813 324 2878 horti
355 2816 446 2898 sunt,
482 2835 642 2879 summam
672 2834 838 2878 murorum
870 2812 1072 2877 altitudinem

64 2905 240 2986 aequantes
262 2902 498 2987 multarumque
521 2902 672 2966 arborum
693 2901 809 2966 umbra
829 2903 862 2965 et
879 2901 1071 2984 proceritate

65 2991 201 3057 amoeni.
246 2987 330 3056 Saxo
353 2989 451 3074 pilae,
484 3011 565 3074 quac
587 2992 693 3055 totum
716 3010 798 3055 onus
821 2991 994 3073 sustinent,
1023 2990 1070 3054 in-
1090 3010 1123 3058 33

65 3082 205 3145 structae
242 3081 334 3162 sunt,
376 3099 472 3162 super
510 3079 593 3162 pilas
630 3078 738 3161 lapide
774 3077 930 3162 quadrato
968 3079 1072 3142 solum

51 3169 203 3232 stratum
232 3172 282 3233 est
307 3167 433 3251 patiens
460 3168 579 3252 terrae,
610 3188 706 3252 quam
733 3166 833 3230 altam
858 3165 1007 3248 iniciunt,
1039 3167 1072 3229 et

63 3254 222 3339 humoris,
254 3276 317 3340 quo
339 3256 449 3341 rigant
470 3258 586 3321 terras:
619 3255 762 3339 adeoque
787 3253 912 3318 validas
939 3253 1071 3318 arbores

65 3344 227 3410 sustinent
261 3345 381 3427 moles,
416 3347 453 3408 ut
488 3344 615 3428 stipites
652 3363 761 3407 aarum
797 3358 859 3407 vm
890 3341 1072 3406 cubitorum

63 3432 207 3516 spatium
229 3432 442 3497 crassitudine
465 3434 613 3517 aequent,
633 3430 668 3495 in
689 3428 846 3513 npedum
869 3429 1071 3494 altitudinem

62 3521 228 3587 emineant
248 3519 483 3608 frugiferaeque
507 3520 580 3604 sint,
602 3521 640 3584 ut
661 3518 690 3584 si
711 3520 798 3583 terra
819 3538 879 3582 sua
901 3519 1025 3582 alerent
1063 3561 1071 3580 .

877 3625 895 3656 fl
