2422 3892
117 149 184 211 274
491 149 522 214 Q.
542 147 651 204 CURTI
669 147 755 203 RUFI

119 315 250 358 suorum
283 293 371 357 mala
402 289 595 377 Sisigambis
632 315 696 357 una
731 293 888 376 capiebat.
933 291 1002 358 Illa
1036 317 1146 380 suam,

117 383 178 446 illa
202 383 348 466 neptium
371 382 476 446 vicem
499 381 607 445 flebat.
655 380 781 446 Recens
803 380 895 445 dolor
918 382 1023 446 etiam
1048 405 1143 467 prae

117 474 217 535 terite
243 473 459 535 revocaverat.
505 466 659 534 Crederes
686 469 781 534 modo
810 468 965 533 amissum
988 469 1141 537 Dareum

119 563 152 623 et
174 560 297 643 pariter
319 560 457 623 miserae
483 557 618 622 duorum
640 557 780 621 filiorum
803 557 955 641 exequias
981 579 1058 625 esse
1084 561 1139 625 du·

65 657 100 706 22
120 649 246 712 cendas.
286 645 403 711 Flebat
425 644 521 709 simul
545 649 691 710 mortuos
714 645 877 729 vivosque.
916 644 1022 722 Quem
1048 649 1138 714 enim

118 737 299 820 puellarum
322 739 468 800 acturum
493 755 562 798 esse
586 733 719 798 curam?
743 755 838 818 quem
861 733 962 798 alium
984 733 1138 802 futurum

119 822 363 888 Alexandrum?
391 821 509 886 iterum
532 843 602 887 esse
625 843 658 885 se
682 825 807 905 captas,
834 822 951 886 iterum
976 824 1138 891 excidisse

118 932 228 996 regno.
274 909 336 986 Qui
360 914 489 976 mortuo
511 909 619 975 Dareo
640 909 729 994 ipsas
754 914 912 992 tueretur,
938 913 1136 994 repperisse,

119 999 174 1084 qui
193 1002 268 1083 post
286 999 507 1064 Alexandrum
524 999 707 1083 respiceret,
725 998 835 1081 utique
853 1019 920 1063 non
934 1004 1136 1082 reperturus.

65 1097 99 1146 23
119 1085 258 1153 Subibat
278 1087 363 1152 inter
385 1087 466 1153 haec
489 1088 645 1169 animum,
666 1104 762 1151 nxxx
784 1085 903 1151 fraires
924 1108 1000 1152 suos
1018 1090 1136 1155 eodem

119 1176 170 1241 die
196 1176 237 1241 ab
261 1175 364 1260 Ocho,
392 1176 580 1243 saevissimo
603 1196 731 1260 regum,
755 1174 933 1239 trucidatos
957 1175 1136 1243 adiectum·

120 1287 181 1348 que
205 1265 308 1350 stragi
330 1269 382 1330 tot
404 1265 545 1328 filiorum
563 1266 702 1346 patrem:
725 1284 743 1328 e
761 1266 886 1347 septem
904 1263 1027 1348 liberis,
1053 1288 1136 1350 quos

119 1354 286 1437 genuisset
306 1353 391 1436 ipsa,
413 1374 512 1417 unum
535 1373 717 1434 superesse:
739 1351 847 1434 ipsum
870 1349 1013 1416 Dareum
1038 1355 1136 1420 floru-

65 1442 183 1506 misse
205 1442 383 1525 paulisper,
408 1443 448 1503 ut
470 1440 629 1504 crudelius
656 1442 768 1521 posset
790 1439 944 1523 extingui.
980 1440 1033 1506 Ad
1058 1442 1135 1507 ulti·

119 1550 207 1592 mum
234 1529 341 1593 dolori
368 1527 537 1592 succubuit
567 1526 786 1610 obvolutoque
815 1529 921 1610 eapite
947 1528 1135 1595 accidentes

119 1617 255 1702 genibus
278 1616 344 1681 suis
367 1617 499 1699 neptem
516 1617 729 1698 nepotemque
748 1620 897 1680 aversata
915 1615 987 1681 cibo
1006 1619 1135 1700 pariter

64 1715 100 1764 25
119 1705 277 1770 abstinuit
306 1707 340 1770 et
365 1704 445 1770 luce.
491 1703 625 1789 Quinto,
653 1706 826 1787 postquam
855 1704 939 1768 mori
961 1709 1137 1791 statuerat,

119 1794 170 1859 die
198 1795 340 1860 extincta
367 1797 426 1859 est.
470 1792 627 1878 Magnum
653 1792 798 1875 profecto
822 1790 998 1857 Alexandri
1023 1794 1135 1860 indul-

119 1883 248 1967 gentiae
275 1883 308 1947 in
336 1904 407 1947 eam
434 1881 640 1964 iustitiaeque
667 1881 703 1945 in
725 1901 836 1945 omnes
860 1881 1004 1965 captivos
1035 1882 1136 1948 docu-

118 1975 263 2034 mentum
291 1972 341 2034 est
367 1990 454 2033 mors
476 1969 586 2051 huius,
618 1990 701 2052 quae
728 1990 800 2033 eum
824 1970 1032 2035 sustinuisset
1056 1976 1136 2055 post

66 2069 101 2118 ee
119 2057 262 2121 Dareum
284 2057 399 2133 vivere,
422 2054 607 2120 Alexandro
631 2078 701 2121 esse
725 2060 886 2140 superstes
910 2057 1047 2123 erubuit.
1087 2059 1136 2126 Et
1147 2061 1184 2125 18

118 2144 247 2209 hercule
266 2144 350 2208 iuste
371 2143 618 2208 aestimantibus
635 2164 746 2228 regem
763 2145 874 2228 liquet,
893 2146 979 2210 bona
991 2150 1136 2214 naturae

67 2245 99 2294 2⁷
120 2233 187 2298 eius
211 2231 323 2314 fuisse,
349 2231 430 2296 vitia
452 2232 503 2296 vel
526 2231 677 2298 fortunae
699 2233 750 2297 vel
773 2233 900 2299 aetatis.
944 2232 1004 2298 Vis
1027 2233 1134 2302 incre-

119 2322 229 2387 dibilis
262 2321 375 2405 animi,
411 2321 533 2386 laboris
564 2321 724 2404 patientia
755 2321 989 2405 propemodum
1017 2323 1133 2409 nimia,

118 2410 276 2477 fortitudo
308 2432 373 2475 non
399 2410 485 2474 inter
510 2430 602 2494 reges
630 2408 726 2473 modo
754 2410 926 2488 excellens,
958 2411 1015 2474 sed
1042 2410 1132 2478 inter

65 2509 100 2559 28
118 2499 193 2564 illos
215 2521 352 2584 quoque,
379 2520 515 2583 quorum
533 2497 614 2562 baec
632 2496 701 2561 sola
720 2496 824 2562 virtus
851 2498 927 2581 fuit,
948 2497 1133 2566 liberalitas

119 2609 215 2672 saepe
247 2588 372 2653 maiora
400 2586 588 2670 tribuentis,
621 2607 718 2670 quam
747 2585 838 2649 adis
867 2589 1034 2671 petuntur,
1068 2589 1130 2654 ele-

118 2677 241 2742 mentia
258 2677 292 2740 in
312 2676 455 2740 devictos
474 2710 517 2722 -
534 2679 587 2739 tot
604 2695 704 2759 regna
725 2677 782 2738 aut
799 2674 932 2758 reddita,
954 2675 1071 2759 quibus
1091 2699 1133 2742 ea

65 2776 98 2824 29
118 2764 302 2848 dempserat
319 2764 415 2845 bello,
438 2768 495 2828 aut
513 2762 597 2828 dono
616 2762 693 2826 data
707 2786 764 2826 -ε
778 2763 902 2845 mortis,
920 2764 1009 2828 euius
1023 2768 1130 2830 metus

118 2857 241 2916 ceteros
260 2852 438 2934 exanimat,
459 2855 618 2935 perpetua
636 2851 846 2934 contemptio,
867 2851 990 2936 gloriae
1008 2851 1130 2918 laudis·

118 2961 180 3023 que
202 2942 240 3003 ut
262 2939 348 3003 iusto
372 2940 475 3003 maior
499 2939 629 3023 cupido,
657 2940 703 3003 ita
726 2939 760 3002 in
781 2938 897 3003 iuvene
915 2943 948 3004 et
970 2940 1004 3004 in
1026 2941 1129 3006 tantis

65 3040 100 3088 80
117 3050 177 3094 nec
200 3027 387 3092 admiranda
409 3027 520 3091 rebus:
551 3027 616 3091 iarn
639 3028 744 3111 pietas
767 3047 844 3112 erga
865 3032 1029 3111 parentes,
1052 3051 1130 3113 quo·

117 3141 189 3183 rum
222 3116 415 3201 Olympiada
448 3115 688 3181 immortalitati
720 3136 906 3182 consecrare
933 3116 1130 3196 decreverat,

64 3216 97 3264 31
117 3205 305 3290 Philippum
342 3206 429 3270 ultus
468 3208 550 3287 erat,
586 3203 652 3268 iam
688 3204 723 3269 in
759 3225 870 3268 omnes
906 3203 974 3269 fere
1007 3204 1129 3271 amicos

117 3293 317 3378 benignitas,
350 3315 428 3380 erga
458 3293 580 3358 milites
610 3293 841 3377 benivolentia,
873 3293 1043 3358 consilium
1068 3315 1130 3377 par

117 3382 334 3466 magnitudini
358 3382 458 3448 animi
480 3387 527 3465 et,
550 3385 704 3466 quantam
727 3380 780 3444 vix
799 3383 929 3464 poterat
951 3385 1040 3447 aetas
1058 3382 1128 3447 eius

63 3480 98 3528 32
119 3493 243 3555 capere,
276 3471 436 3536 sollertia:
465 3470 531 3535 iem
558 3470 671 3535 modus
699 3469 944 3535 immodicarum
971 3468 1127 3554 eupidita-

117 3565 196 3645 tum,
217 3558 352 3625 Veneris
380 3559 467 3624 intra
489 3558 637 3624 naturale
660 3557 853 3623 desiderium
876 3579 954 3623 usus
976 3578 1036 3625 nec
1058 3558 1128 3624 ulla
