2422 3892
144 149 187 213 28
212 133 1075 218 ,1.111111111111111111111111111111111,11.
1149 184 1152 190 v

145 294 316 358 excedente
346 295 479 359 fortuna
510 295 673 360 cumulata
697 297 774 358 tunc
802 295 865 358 alia
892 291 1046 379 stirpibus
1073 296 1157 361 lace·

143 386 228 465 rata,
250 383 315 446 1111
335 382 527 447 in-caenum
550 382 946 447 demersacernebantur:
976 405 1044 448 non
1068 382 1156 448 suffi'-
1184 399 1186 404 '

93 490 124 539 11
144 471 272 535 ciebant
305 471 529 553 praedantium
560 492 675 534 manus
706 471 851 554 praedae.
895 470 1028 556 Iamque
1057 471 1208 539 etiam35

144 559 185 622 ad
216 580 284 637 eos,
316 559 371 642 qui
402 558 498 641 primi
526 559 690 642 fugerant,
721 561 852 623 rentum
882 563 959 623 erat.
1003 558 1157 625 Feminae

105 660 112 671 '
143 647 313 731 pleraeque
342 669 459 730 parvos
486 647 650 711 trahentes
676 647 794 712 liberos
821 647 926 711 ibant:
963 647 1048 712 inter
1075 670 1157 732 quas

143 738 208 798 tres
231 735 320 799 fuere
342 735 492 820 virgines,
515 734 605 819 Ochi,
627 735 682 818 qui
705 737 780 799 ante
794 734 935 799 Dareum
953 739 1156 820 regnaverat,

143 823 240 905 filiae,
272 823 349 894 olim
381 823 509 908 quidem
536 845 576 887 ex
601 823 733 908 fastigio
761 827 895 906 paterno
922 845 1029 888 rerum
1051 828 1155 888 muta-

142 911 230 974 tione
257 911 434 994 detractae,
465 911 520 975 sed
547 915 617 975 tum
645 914 764 975 sortem
786 933 896 975 earum
919 910 1077 976 crudelius
1100 913 1155 976 ad·

27 1070 30 1075 ,
92 1017 124 1066 13
144 1002 298 1081 gravante
320 999 460 1064 fortuna.
500 999 540 1062 In
563 998 674 1063 eodem
698 1019 795 1083 grege
817 1021 898 1064 uxor
920 1021 1047 1083 quoque
1071 1000 1154 1065 eius·

144 1087 216 1150 dern
239 1086 320 1152 Ochi
341 1088 404 1152 fuit
426 1086 642 1171 Oxathrisque
658 1086 815 1150 -frater
836 1087 889 1151 hic
912 1091 982 1151 erat
999 1086 1154 1152 Darei·-

142 1174 210 1238 filia
233 1178 267 1239 et'
288 1175 405 1239 coniux
418 1173 580 1258 Artabazi,
603 1175 757 1258 principis
776 1179 1033 1260 purpuratorum,
1054 1176 1155 1240 filius·
1189 1241 1193 1247 ,

16 1267 43 1347 Ἰ
92 1281 125 1329 14
143 1284 218 1348 que,
231 1264 291 1328 ‘eui
313 1263 436 1328 Ilioneo
458 1264 522 1328 fuit
543 1284 669 1328 nomen.
715 1262 916 1327 Pharnabazi
939 1285 1079 1348 quoque,
1101 1265 1154 1328 cui

143 1373 304 1415 summum
330 1351 501 1434 imperium
524 1351 703 1415 maritimae
726 1371 802 1414 orae
824 1372 881 1415 rex
903 1350 1046 1435 dederat,
1018 1355 1154 1416 uxtor

143 1460 215 1502 curn
238 1439 303 1502 filio
327 1441 460 1520 excepta
483 1440 545 1518 est,
574 1437 731 1502 Mentoris
758 1438 844 1502 filiae
872 1443 937 1503 tres
961 1461 998 1505 11
1020 1402 1155 1504 riobilis-

25 1604 27 1609 ·
143 1525 216 1589 simi
248 1524 337 1589 ducis
368 1488 551 1589 Memnonis
584 1527 700 1589 coniux
731 1530 764 1590 et
795 1526 896 1590 filius:
941 1528 1056 1611 vixque
1088 1528 1156 1592 ulla

91 1612 257 1681 rodomus
283 1613 452 1696 purpurati
473 1613 538 1677 fuit
559 1615 669 1677 tantae
692 1613 791 1678 cladis
813 1635 926 1696 capere.
970 1610 1051 1679 Item
1072 1617 1156 1716 capti

142 1705 217 1766 suut
203 1699 484 1766 tLacedaemonii
511 1704 544 1764 11
564 1701 781 1766 Athenienses
809 1703 973 1767 societatis
1001 1703 1156 1770 11111111-

9 1805 11 1808 ·
141 1789 209 1854 lata
235 1781 349 1854 Persas
382 1789 496 1872 secuti,
526 1787 617 1853 Arist
603 1790 687 1874 togit
688 1811 777 1854 one
778 1789 977 1874 tDropides
1007 1794 1041 1855 et
1066 1789 1155 1875 Iphi-

143 1878 325 1961 crates,in
290 1881 374 1942 mter
325 1839 615 1942 tAthehienses
648 1898 763 1961 genere
790 1877 939 1963 famaque
966 1880 1064 1964 longe
1091 1880 1155 1945 cla·

142 1966 270 2047 nissimi,
291 1964 535 2030 Lacedaemonii
547 1965 729 2049 Pausippus
752 1968 785 2030 et
797 1966 1060 2032 Onomastorides
1081 1990 1156 2032 eum

142 2015 286 2118 Moninio
328 2057 361 2117 et
396 2052 612 2136 Callicratide,
655 2053 691 2117 hi
731 2075 857 2138 quoque
897 2055 985 2120 domi
1020 2055 1157 2121 nobiles.

90 2161 125 2210 ra
144 2138 276 2204 Summa
307 2141 480 2225 pecuniae·
493 2141 639 2225 signatae
670 2140 735 2218 fuit
763 2143 922 2207 talentum
944 2142 978 2207 H
1005 2143 1094 2208 milia
1122 2148 1179 2208 et·

144 2232 303 2312 sescenta,
338 2229 417 2293 facti
453 2229 580 2314 argenti
614 2212 741 2313 pondus
778 2232 954 2315 quingenta
986 2231 1178 2316 aequabat.-

143 2316 312 2381 Praeterea
325 2335 396 2382 xxx
417 2317 507 2382 milia
527 2317 695 2399 hominum
717 2339 790 2382 cum
812 2337 861 2383 vn
877 2319 1007 2385 milibus
1030 2321 1155 2384 iumen·

68 2437 70 2440 ⁴
92 2425 124 2473 11
142 2409 250 2470 torum
279 2406 374 2470 dorso
402 2427 501 2470 onera
526 2405 848 2490 portantiumcapta
875 2410 974 2471 sunt⁴
1005 2404 1156 2474 Ceterum

143 2498 215 2597 tant
216 2516 254 2558 ae
276 2494 424 2559 fortunae
447 2492 643 2578 proditorem
660 2495 702 2572 di,
724 2495 786 2559 serr·
808 2507 904 2577 saepe
922 2495 1052 2580 ultores,
1074 2496 1155 2560 cele·

142 2583 221 2647 riter
248 2583 361 2648 debita
391 2603 496 2667 poena
525 2581 701 2683 persecuti
717 2585 801 2646 sunt
845 2580 993 2667 Namque
1024 2605 1107 2648 unus
1137 2605 1155 2648 e

144 2671 281 2736 consciis
309 2672 389 2755 eius,
421 2670 529 2753 credo,
558 2670 644 2755 regis
671 2669 773 2734 ricem
801 2670 933 2735 etiam'
924 2692 959 2734 1n
985 2670 1042 2735 illa
1068 2674 1155 2736 sorte

143 2760 311 2841 reveritus,
337 2759 498 2823 interfecti
472 2758 632 2843 tprodit
633 2758 697 2822 oris
724 2761 821 2840 caput
843 2759 884 2823 ad
907 2757 1048 2822 Dareum
1069 2759 1157 2843 tulit,

145 2849 361 2928 opportunum
377 2844 531 2911 solacium
544 2846 687 2946 prodito:
711 2846 828 2948 quippe
842 2850 876 2910 11
888 2848 936 2918 ult
922 2851 975 2910 tus
987 2847 1157 2913 inimicum

144 2936 214 2996 erat
241 2937 274 2996 et
299 2933 479 2997 nondum
470 2956 505 2997 111
532 2934 676 2998 omnium
703 2934 818 2998 animis
845 2935 1033 3037 memoriam
1054 2934 1157 3000 maie·

144 3021 237 3085 statis
261 3043 338 3086 suae
361 3021 535 3085 exolevisse
559 3022 762 3086 cernebat

543 3285 755 3297 ...υ-ι·-
