2422 3892
120 150 183 212 124
495 145 527 214 o.
547 144 782 202 coariaurr

117 294 199 358 caeli
231 295 320 358 statu
350 291 466 374 recipit
498 289 534 354 in
568 311 602 354 se
633 289 754 354 fretum
787 288 963 374 eodemque
995 290 1134 376 impetu,

118 403 181 464 quo
206 381 342 445 effusum
360 382 420 460 est,
442 378 588 442 relabens
611 381 733 442 terram
755 381 892 441 naturae
915 398 992 442 suae
1015 379 1134 446 reddit.

117 469 163 534 Et
184 469 315 552 quidam
341 465 502 532 credidere
524 487 590 529 non
613 466 759 530 clausum
782 486 872 529 mare
895 486 979 549 esse,
1006 465 1064 530 sed
1093 488 1133 531 ex

116 556 265 621 Indiam
288 555 484 639 Hyrcaniam
507 553 633 637 eadere,
656 554 747 618 ouius
769 552 949 636 fastigium,
969 516 1009 617 'ut
1032 575 1133 638 supra

75 646 184 711 dict
169 648 240 709 tum
262 647 320 726 est,
342 647 499 726 perpetua
520 642 606 706 valle
629 641 841 706 submittitur

65 761 99 808 20
205 731 291 797 Hine
308 752 366 795 rex
384 747 434 794 xx
452 730 557 794 stadia
572 729 739 813 processit
761 729 877 794 semita
894 729 1174 813 Ριορθιιιοιιιιιιιιξ

118 821 216 903 invia,
239 819 290 884 cui
310 818 417 883 silva
413 816 613 902 imminebat,
635 820 760 883 torrent
761 838 857 901 esque
875 820 909 880 et
927 816 1049 883 eluvies
1067 819 1133 883 iter

118 907 340 972 morabantur.
383 905 483 971 Nullo
510 868 622 970 tameh
649 905 743 970 hoste
765 905 862 970 obvio
887 908 1037 988 penetrat
1059 909 1132 972 tan·

65 1013 98 1062 21
119 996 254 1080 demque
273 994 314 1060 ad
333 993 471 1060 cultiora
488 997 623 1079 pervent
623 1015 677 1058 um
696 996 755 1058 est.
790 992 925 1059 Praeter
942 993 1026 1059 alios
1044 1014 1131 1059 com·

118 1087 206 1148 meat
206 1105 254 1167 us,
273 1104 409 1184 quorum
426 1086 498 1146 tum
516 1082 610 1165 copia
627 1081 717 1165 regio
742 1081 937 1165 abundabat,
958 1103 1131 1184 pomorum

119 1192 247 1257 quoque
274 1171 387 1255 ingens
415 1171 528 1234 modus
553 1170 656 1235 nascit
657 1191 695 1232 ur
718 1172 750 1232 et
772 1168 972 1234 uberrimum
996 1170 1131 1254 gignen-

65 1278 98 1328 22
119 1261 169 1326 dis
197 1260 269 1326 uvis
297 1261 401 1325 solum
429 1265 488 1323 est.
536 1256 700 1342 Frequens
728 1257 825 1322 arbor
851 1256 966 1322 faeiem
994 1278 1131 1341 quercus

117 1349 232 1431 habet,
262 1349 351 1413 cuius
382 1346 463 1411 folia
494 1346 597 1410 multo
625 1345 721 1408 melle
747 1345 932 1429 tinguntur,
964 1345 1034 1427 sed,
1064 1347 1130 1411 nisi

118 1436 196 1501 solis
225 1438 332 1499 ortum
358 1433 484 1497 incolae
514 1432 754 1515 occupaverint,
784 1434 836 1497 vel
863 1433 990 1498 modico
1017 1437 1131 1519 tepore

118 1544 213 1587 sucus
237 1521 444 1605 extinguitur.

65 1628 99 1677 23
206 1627 281 1674 xxx
302 1609 380 1673 hinc
403 1607 509 1672 stadia
530 1610 745 1691 processerat,
774 1629 846 1673 cum
868 1608 1130 1692 Phrataphernes

119 1698 151 1764 ei
169 1698 309 1763 occurrit
332 1717 429 1780 seque
452 1699 485 1760 et
507 1718 577 1779 eos,
600 1697 655 1779 qui
666 1699 754 1779 post
775 1694 874 1761 Darei
896 1700 1036 1763 mortem
1057 1720 1131 1781 pro

117 1788 277 1871 fugerant,
300 1785 432 1850 dedens:
456 1784 573 1869 quibus
591 1784 729 1868 benigne
752 1785 895 1867 exceptis
914 1785 954 1849 ad
973 1786 1129 1868 oppidum

117 1876 223 1940 Arvas
249 1875 407 1958 pervenit.
455 1871 519 1938 Hie
544 1873 575 1936 ei
602 1871 753 1938 Craterus
780 1876 814 1937 et
839 1871 992 1957 Erigyius
1020 1888 1138 1939 occur·‘

71 1978 103 2027 ‘²4
117 1967 205 2027 runt:
223 1961 423 2045 praefectum
437 1960 639 2043 Tapurorum
656 1961 763 2045 gentis
778 1959 974 2025 Phradatem
993 1961 1130 2026 adduxe

118 2054 201 2114 rant.
246 2047 310 2114 Hie
338 2069 464 2132 quoque
491 2047 526 2110 in
553 2046 650 2112 fidem
674 2051 822 2131 receptus
845 2049 958 2112 multis
981 2051 1129 2132 exemplo

66 2163 99 2212 25
117 2136 183 2201 fuit
214 2136 396 2218 experiendi
430 2134 636 2199 elementiam
669 2136 766 2220 regis.
823 2133 980 2220 Satrapen
1014 2137 1129 2202 deinde

117 2224 300 2308 Hyrcaniae
322 2224 412 2288 dedit
434 2221 595 2306 Minapin:
624 2224 697 2288 exul
719 2224 773 2288 hic
795 2226 950 2309 regnante
974 2223 1065 2290 Ocho
1088 2225 1129 2290 ad

117 2312 306 2397 Philippum
343 2314 540 2394 pervenerat.
595 2311 801 2395 ‘Tapurorum
837 2333 961 2396 quoque
997 2317 1129 2397 gentem

117 2401 273 2467 Phradati
294 2399 443 2465 reddidit.
578 2459 582 2468 .

552 2540 631 2608 Ona.
654 2540 695 2607 V.

84 2677 98 2724 1
205 2666 339 2751 Iamque
366 2667 484 2732 ultima
506 2664 688 2749 Hyrcaniae
715 2667 906 2749 intraverat,
933 2689 1006 2746 cum
1033 2668 1174 2734 Arta-14

117 2754 230 2836 bazus,
258 2775 354 2836 quem
381 2753 487 2819 Dareo
514 2754 704 2820 fidissimum
730 2753 831 2819 fuisse
859 2757 1129 2841 supradiximus,

118 2862 190 2904 cum
212 2841 402 2924 propinquis
425 2840 525 2905 Darei
547 2863 584 2907 ac
606 2842 674 2907 suis
696 2841 808 2906 liberis
825 2843 1013 2928 modicaque
1032 2842 1130 2909 Grae

82 2938 229 2992 reorum
252 2928 338 2992 milit
324 2933 394 2992 tum
417 2951 515 2992 manu
538 2931 684 2994 occurrit
729 2929 885 2995 Dextram
904 2933 1047 2997 venienti
1070 2934 1127 2997 ob-

117 3016 194 3079 tulit
216 3036 286 3079 rex:
310 3017 428 3098 quippe
451 3019 484 3079 et
492 3016 624 3168 thospes
643 3016 788 3100 Philippi
809 3018 926 3102 fuerat,
902 3023 1021 3085 tcum
1039 3019 1129 3086 Ocho

117 3105 273 3188 regnante
297 3104 491 3181 exularete
492 3103 665 3187 thospitii
687 3105 825 3188 pignora
847 3107 883 3170 in
902 3068 1012 3192 rhgem
1035 3130 1129 3173 suum

117 3191 158 3255 ad
177 3191 326 3255 ultimum
344 3191 423 3255 fides
442 3152 633 3256 honservata
655 3192 814 3257 vincebat.
860 3192 1005 3260 Comiter
1027 3197 1130 3281 igitur

81 3283 231 3360 sexcept
231 3300 284 3360 us,
307 3279 369 3343 Τιι
392 3277 543 3363 quidem',
565 3279 716 3364 inquit,
718 3301 783 3361 rex,
806 3281 882 3346 deos
906 3304 1035 3366 quaeso,
1057 3305 1128 3366 per-

51 3365 56 3371 '
117 3367 216 3447 petua
230 3328 366 3430 felicitat
352 3370 385 3431 te
400 3367 529 3431 floreas:
552 3387 613 3451 ego
636 3365 752 3431 ceteris
775 3368 880 3432 laetus
899 3369 960 3434 hoo
978 3391 1044 3435 uno
1062 3375 1128 3435 tor-

118 3473 226 3535 queor,
250 3453 335 3535 quod
358 3455 531 3538 praecipiti
549 3455 694 3518 senectu
696 3453 791 3517 ediu
813 3454 916 3520 fruit
901 3459 958 3522 tua
981 3457 1130 3523 bonitate

116 3561 182 3604 non
200 3562 343 3626 possum
344 3539 642 3626 'Nonagesimum
655 3544 689 3605 et
702 3541 795 3627 quint
796 3565 852 3607 um
866 3565 986 3610 annum
1001 3547 1129 3631 agebat.
