2422 3892
115 152 182 214 248
491 148 522 215 Q.
542 147 652 204 CURTI
669 147 756 202 RUFI

114 294 290 379 leonesque
312 315 405 358 rarae
423 292 657 377 magnitudinis
681 296 714 356 at
736 293 849 377 tigres,
871 295 1043 376 utrumque
1062 292 1134 356 ani·

117 382 184 447 mal
212 383 253 446 ad
280 381 559 447 mansuetudinem
587 379 758 465 domitum,
784 381 977 445 lacertarum
1005 400 1133 464 quoque

80 483 99 532 ι
118 471 300 555 ingentium
322 470 423 553 pelles
446 473 480 533 et
503 468 599 533 dorsa
617 471 683 534 tcst
669 431 824 534 tudirium
862 466 997 534 Cratero
1016 467 1132 533 deinde

117 558 258 642 imperat
285 578 354 641 rex,
381 556 468 621 haud
495 556 609 640 procul
633 579 741 641 amno,
767 578 825 640 per
849 579 944 641 quem
968 556 1071 621 crat
1060 578 1132 641 rpse

118 648 347 732 navigaturus,
370 645 479 728 copias
503 645 647 709 duceret:
676 667 731 711 eos
755 649 879 729 autem,
903 645 958 730 qui
981 645 1132 709 comitari
1196 666 1199 671 ·

119 755 192 799 curn
220 733 381 817 solebant,
408 733 573 816 inponit
563 755 597 797 ιιι
619 754 718 798 naves
742 734 807 798 et
797 756 832 796 m
852 733 933 798 fines
955 731 1132 798 Mallorum

119 823 258 887 secundo
277 842 371 885 amne
394 821 571 886 devehitur.

82 923 101 972 4
206 908 286 973 Inda
306 907 464 974 Sabarcas
483 909 572 993 adiit,
594 909 737 975 validam
755 908 867 975 Indiae
886 912 1026 994 gentem,
1049 931 1133 994 quae

118 998 240 1082 populi,
261 1018 329 1062 non
351 1017 465 1083 regum
487 997 626 1080 imperio
648 998 829 1082 regebatur.
865 1015 913 1062 nx
934 998 1025 1062 milia
1043 997 1131 1082 pedi·

117 1090 188 1150 tum
208 1086 381 1171 habebant,
405 1086 549 1169 equitum
568 1108 624 1151 sex
642 1087 745 1153 milia:
767 1086 828 1151 has
847 1087 957 1170 copias
975 1107 1088 1151 currus
1104 1103 1130 1150 ι)

82 1175 348 1259 bsequebantur.
388 1193 428 1239 ιιι
452 1174 546 1240 duces
574 1177 736 1257 spectatos
768 1175 888 1239 virtute
920 1174 1038 1238 bellica
1070 1175 1132 1239 ele·

120 1267 243 1348 gerant.
296 1262 343 1328 At
375 1263 430 1346 qui
462 1263 496 1326 in
527 1262 616 1344 agris
648 1264 741 1328 erant
767 1263 907 1346 proximi
937 1262 1066 1326 flumini
1087 1298 1130 1310 -

118 1352 305 1436 frequentes
333 1355 441 1415 cutem
468 1351 557 1416 vicos
585 1351 725 1415 maxime
747 1352 782 1414 in
804 1351 876 1435 ripa
897 1350 1066 1415 habebant
1088 1385 1127 1397 —·

119 1442 156 1504 ιιι
174 1438 283 1503 videre
301 1441 406 1503 totum
426 1460 563 1521 amnem,
586 1459 649 1522 qua
669 1439 811 1521 prospici
829 1440 967 1521 poterat,
989 1438 1131 1521 navigiis

119 1529 322 1591 constratum
344 1528 376 1588 et
392 1527 445 1589 tot
462 1525 603 1589 militum
623 1547 714 1590 arma
730 1525 898 1611 fulgentia,
919 1526 1029 1590 territi
1046 1548 1133 1592 nova

119 1614 216 1697 facie,
248 1612 380 1677 deorum
413 1613 589 1678 exercitum
617 1616 650 1678 et
678 1612 777 1678 alium
809 1613 961 1679 Liberum
991 1614 1132 1698 Patrem,

120 1702 245 1767 celebre
273 1701 308 1765 in
330 1700 396 1765 illis
420 1702 571 1785 gentibus
593 1724 725 1788 nomen,
751 1702 924 1768 adventare
948 1702 1133 1768 credebant.

82 1804 101 1853 o
120 1790 204 1856 Hinc
227 1789 369 1855 militurn
392 1790 526 1875 clamor,
548 1791 624 1856 hinc
646 1813 809 1856 remorum
826 1792 940 1875 pulsus
959 1791 1132 1875 variaeque

119 1883 294 1944 nautarum
316 1899 412 1944 voces
434 1878 637 1944 hortantium
654 1880 788 1963 pavidas
807 1902 899 1945 aures
918 1880 1133 1963 inpleverant.

85 1967 210 2050 rErgo
238 1965 381 2030 universi
408 1965 448 2029 ad
475 1987 544 2044 cos,
576 1967 632 2049 qui
659 1967 694 2029 in
725 1968 823 2030 armis
853 1972 958 2050 erant,
990 1972 1133 2052 currunt,

119 2055 226 2118 furere
249 2053 467 2117 clamitantes:
491 2073 562 2117 cum
585 2053 634 2117 dis
656 2054 815 2136 proelium
832 2055 979 2138 inituros,
1001 2056 1134 2140 navigia

118 2162 184 2206 non
203 2161 300 2223 posse
315 2140 478 2204 numerari
479 2161 589 2224 ,quae
602 2140 783 2205 invictos
753 2162 840 2206 viros
854 2105 1016 2207 vehereirt.
994 2143 1181 2208 ι-Τιιι

119 2225 281 2313 tumque
272 2190 498 2292 mexercitum
517 2249 647 2294 suorum
665 2227 804 2294 intulere
823 2230 1026 2315 terroris,t
989 2254 1010 2295 u
1011 2231 1132 2317 t-lega

120 2321 173 2384 tos
197 2340 243 2381 mr
233 2317 365 2382 tterent
387 2319 517 2402 gentem
539 2316 626 2381 dedit
611 2319 711 2381 t.uros

83 2419 103 2469 8
209 2406 299 2471 His
289 2430 325 2471 ιιι
337 2404 434 2471 fidem
450 2408 562 2490 accept
547 2405 650 2470 tedis
665 2404 746 2469 alias
760 2403 874 2469 deinde
888 2409 1000 2489 gentes
1016 2411 1133 2490 quarto
1143 2405 1181 2470 31

121 2495 174 2561 die
196 2495 353 2579 pervenit.
330 2492 501 2559 tNihilo
519 2493 592 2577 plus
612 2492 711 2556 animi
703 2492 782 2557 his
798 2492 875 2575 fuit,
899 2515 996 2577 quarn
1016 2496 1133 2560 ceteris

120 2583 238 2649 fuerat.
282 2583 397 2666 Itaque
420 2580 539 2665 oppido
562 2580 608 2645 ibi
631 2580 768 2663 condito,
791 2579 876 2664 quod
896 2581 1134 2648 Alexandream

122 2671 280 2756 appellari
301 2671 449 2751 iusserat,
471 2669 550 2732 fines
575 2690 693 2752 eorum,
716 2669 771 2753 qui
788 2667 948 2734 Musicani
967 2671 1133 2753 appellan-

84 2765 190 2842 atur,
216 2758 360 2822 intravit
395 2756 459 2820 Hic
482 2756 520 2819 dc
543 2756 685 2822 Teriolte
709 2760 850 2840 satrape,
878 2779 972 2841 quem
994 2757 1133 2842 Parapa-

121 2847 256 2912 misadis
279 2843 487 2928 praefecerat,
508 2844 624 2909 iisdem
647 2845 857 2930 arguentibus
881 2847 1034 2930 cognovit
1051 2848 1132 2912 mul·

120 2939 218 3018 taque
238 2953 333 2996 avare
351 2953 388 2996 ac
402 2933 539 3016 superbe
553 2933 669 2998 fecisse
683 2934 865 2998 convictum
879 2934 1015 2999 interfici
1028 2936 1133 3001 iussit.

70 3036 104 3086 ιο
123 3022 289 3106 Oxyartes,
311 3023 443 3106 praetor
464 3021 727 3105 Bactrianorum,
749 3043 815 3086 non
838 3022 1005 3087 absolutus
1027 3023 1131 3100 modo,

122 3112 178 3177 sed
207 3111 306 3175 etiam
332 3109 401 3174 iure
428 3111 547 3174 amoris
576 3111 744 3194 amplioris
769 3110 897 3192 imperii
920 3111 1058 3175 donatus
1081 3115 1133 3174 est

121 3200 249 3264 finibus.
295 3197 470 3263 Musicanis
502 3198 614 3263 deinde
644 3199 679 3262 in
706 3198 864 3263 dicionem
890 3199 1030 3262 redactis
1059 3199 1133 3263 urbi

122 3310 234 3353 eorum
257 3287 454 3370 praesidium
477 3287 630 3371 inposuit.

58 3391 96 3438 11
205 3375 288 3442 inde
315 3377 359 3442 cd
378 3375 606 3459 Praestos,et
573 3375 732 3459 eipsam
755 3373 867 3437 Indiae
891 3377 1036 3458 gentem,
1062 3397 1133 3459 per-

102 3471 239 3533 ventum
262 3467 324 3535 est
366 3465 572 3535 Porticanus
592 3485 654 3530 rex
674 3464 756 3544 erat,
775 3462 835 3544 cdx
852 3482 889 3524 se
902 3463 1047 3524 munitae
1060 3464 1139 3529 urbi

79 3575 163 3626 cnm
192 3580 331 3655 magna
354 3583 465 3629 manu
490 3555 712 3648 popularium
733 3511 925 3614 incluserat
958 3543 1062 3604 thane
1086 3544 1156 3604 nle-
