2422 3892
123 151 165 216 88
498 153 529 220 Q.
549 153 659 209 CURTI
676 156 763 210 RUFI

53 353 64 373 „
88 296 190 364 eleni
212 300 318 361 tractu
342 319 498 382 aquarum
520 297 648 363 Persico
671 300 753 362 mari
776 321 810 364 se
832 303 984 366 insmuat.
1029 299 1146 368 Amne

124 388 274 468 superato
298 407 370 450 cum
393 403 468 449 vmr
485 386 615 450 milibus
638 387 781 469 peditum
804 391 837 472 et
858 387 1012 473 Agrianis
1036 391 1144 475 sagit·

123 472 278 556 tariisque
300 477 329 537 ct
347 471 541 537 Graecorum
563 475 856 543 mercennariorum
876 476 981 541 tribus
1003 477 1139 543 milibus

124 560 241 624 additis
266 558 427 624 Thracum
449 561 589 626 mille-in
611 562 776 646 regionem
798 562 955 628 Uxiorum
977 567 1138 646 pervenio.

122 645 276 711 Finitima
303 645 393 712 Susis
425 650 475 711 est
507 652 540 712 et
567 648 602 712 in
628 650 766 733 primam
792 649 956 715 Persidem
986 655 1137 736 excurrit,

87 754 105 802 4
125 737 230 799 artum
248 735 332 798 inter
351 757 384 800 se
403 738 436 798 et
449 733 603 801 Susianos
622 737 744 801 aditum
762 738 955 823 relinquens.
988 739 1137 804 Medates

124 825 193 886 erat
221 822 363 906 regionis
390 823 584 906 praefectus,
614 823 701 889 haud
724 820 801 889 sa'nc
823 829 1005 910 temporum
1026 827 1137 910 homo,

88 928 104 978 5
123 910 241 992 quippe
264 910 377 974 ultima
399 932 458 994 pro
480 911 541 975 fide
565 912 700 995 experiri
722 913 913 978 decreverat
953 913 1015 979 Sed
1038 915 1137 999 periti

122 998 266 1061 locorum
293 996 511 1063 Alexandrum
538 999 669 1083 docent,
701 1000 861 1078 occultum
891 1001 953 1066 iter
980 1023 1047 1067 esse
1074 1023 1138 1084 per

123 1085 219 1148 calles
248 1087 281 1148 et
307 1106 453 1150 aversum
477 1088 517 1150 ab
540 1087 631 1150 urbe:
653 1087 691 1150 ‘si
712 1108 832 1170 paucos
855 1089 999 1154 misisset
1019 1090 1138 1154 leuiter

88 1175 278 1255 parmatos,
307 1194 403 1256 super
425 1174 532 1256 capita
552 1173 695 1238 hostium
719 1196 879 1240 evasuros.
924 1174 1005 1242 Cum
1027 1176 1137 1242 consi-

124 1260 202 1324 lium
224 1261 407 1344 placuisset,
429 1261 526 1324 iidem
548 1260 699 1324 itinerum
721 1261 851 1325 fuerunt
873 1262 977 1328 duces.
1008 1281 1036 1326 Μ
1059 1266 1093 1326 et
1109 1282 1137 1327 1>

122 1348 266 1412 mercede
290 1348 439 1412 conducti
462 1350 495 1410 et
514 1345 651 1429 Agriani
673 1347 738 1410 fere
761 1366 788 1410 rr
805 1348 948 1412 Tauroni
968 1350 1138 1432 praefecto

89 1435 195 1502 rdati
230 1455 267 1498 ac
297 1437 372 1517 post
403 1433 480 1496 solis
508 1453 657 1497 occasum
682 1433 744 1497 iter
770 1434 896 1518 ingredi
922 1435 1009 1498 iussi.
1058 1434 1139 1517 Ipse

122 1520 219 1584 tertia
247 1520 359 1603 vigilia
388 1519 502 1583 castris
531 1520 628 1583 motis
656 1519 740 1584 circa
764 1520 846 1584 lucis
874 1524 980 1586 ortum
1003 1526 1141 1604 superat

124 1607 291 1691 angustias
318 1627 473 1689 caesaque
495 1606 630 1670 materia
652 1607 793 1671 cratibus
816 1610 849 1672 et
870 1608 987 1691 pluteis
1009 1608 1138 1673 faciun-

124 1695 183 1778 dis,
206 1697 251 1778 ut,
270 1695 325 1777 qui
342 1698 446 1759 turres
466 1693 680 1777 admoverent,
698 1697 789 1758 extra
806 1695 863 1758 teli
880 1696 1001 1760 iactum
1017 1701 1138 1781 essent,

88 1784 235 1853 eurbem
265 1782 409 1848 obsidere
437 1782 550 1866 coepit.
594 1780 770 1864 Praerupta
797 1786 888 1847 erant
914 1783 1023 1848 omnia
1047 1785 1137 1848 saxis

124 1873 157 1936 et
188 1871 313 1936 cotibus
345 1870 497 1954 inpedita.
541 1868 653 1933 Multis
681 1889 757 1953 ergo
789 1871 973 1935 vulneribus
1000 1871 1138 1955 depulsi,

84 2009 89 2022 .
124 1961 162 2023 ut
185 1958 299 2041 quibus
321 1979 388 2023 non
411 1979 484 2022 cum
505 1957 599 2021 hoste
623 1956 741 2040 solum,
768 1957 824 2021 sed
847 1959 944 2022 etiam
967 1979 1039 2022 cum
1061 1958 1137 2024 loco

91 2067 107 2114 c
127 2044 342 2111 dimicandum
365 2048 458 2128 esset,
481 2045 633 2108 subibant
653 2046 771 2128 tamen,
795 2045 870 2128 quia
891 2066 947 2110 rex
967 2045 1051 2110 inter
1068 2047 1137 2130 pri-

124 2153 195 2196 mos
228 2132 417 2196 constiterat
442 2132 659 2216 interrogans,
690 2135 741 2196 tot
767 2133 896 2197 urbium
922 2133 1060 2198 victores
1090 2155 1137 2198 an

125 2219 347 2284 erubescerent
381 2219 512 2283 haerere
548 2220 583 2283 in
614 2219 780 2284 obsidione
812 2221 934 2285 castelli
966 2221 1072 2306 exigui
1102 2225 1139 2286 et
1203 2222 1207 2231 ’

124 2307 285 2392 ignobilis,
308 2307 403 2371 simul
422 2306 597 2371 admonens
620 2307 794 2372 Tauronem
812 2328 884 2372 moa
901 2309 1055 2374 auxilium
1072 2328 1139 2374 csse

125 2396 270 2461 laturum.
306 2395 395 2460 Inter
412 2395 492 2460 haec
511 2395 635 2460 eminus
653 2395 835 2478 petebatur:
859 2417 954 2480 quem
970 2395 1136 2462 testudine

126 2484 250 2550 obiecta
272 2483 390 2548 milites
418 2519 460 2530 -
486 2485 523 2547 ut
545 2483 720 2567 decederet,
747 2484 921 2566 perpellere
943 2483 1139 2568 nequierant

73 2594 107 2643 ro
125 2609 168 2621 ·-
191 2573 372 2638 tuebantur.
417 2570 561 2636 Tandem
588 2571 718 2635 Tauron
740 2592 836 2653 super
859 2591 965 2636 arcem
987 2571 1075 2636 urbis
1098 2593 1135 2637 se
1148 2573 1188 2637 11

66 2733 70 2739 ,
126 2682 198 2725 cum
231 2683 289 2726 suo
322 2659 450 2745 agmine
478 2659 631 2724 ostendit:
668 2658 709 2722 ad
741 2659 830 2723 cuius
862 2662 1069 2742 conspectum
1100 2663 1137 2724 et

124 2749 268 2813 hostium
299 2748 397 2811 animi
427 2748 537 2811 labare
567 2750 600 2810 et
624 2745 814 2810 Macedones
846 2747 949 2810 acrius
976 2746 1137 2830 proelium

74 2857 106 2904 ²¹
125 2835 292 2986 {lent
294 2834 856 3004 pituitaritoet'lalltffliltr?
857 2833 1138 2986 1110111111

1126 2973 1137 3006 1

125 3009 270 3093 pluribus
293 3008 333 3072 ad
355 3007 466 3092 fugam
489 3009 614 3073 animus
636 3008 706 3092 fuit,
731 3028 851 3092 magna
872 3031 948 3092 pars
971 3010 1006 3073 in
1028 3030 1136 3074 arcem

125 3097 292 3162 concessit.
324 3094 403 3160 Inde
425 3114 496 3160 xxx
510 3097 691 3160 oratoribus
714 3097 820 3161 missis
839 3097 880 3162 ad
898 3097 1135 3180 deprecandum

125 3186 217 3250 triste
240 3205 429 3268 responsum
453 3205 472 3247 a
494 3202 570 3266 rege
592 3183 747 3248 redditur:
769 3205 837 3249 non
859 3206 930 3250 esse
953 3185 1065 3249 ueniae
1085 3184 1136 3249 lo·

73 3294 106 3342 12
126 3295 208 3338 cum.
242 3272 368 3356 Itaque,
399 3271 629 3354 suppliciorum
652 3292 777 3354 quoque
799 3275 888 3339 metu
910 3272 1062 3356 perculsi,
1093 3273 1136 3338 ad

126 3359 348 3446 Sisigambim,
372 3359 473 3424 Darei
494 3362 643 3443 matrem,
672 3361 797 3425 occulto
820 3360 934 3424 itinere
956 3361 1138 3445 ignotoque

124 3449 274 3514 hostibus
302 3449 447 3527 mittunt,
478 3448 533 3532 qui
558 3451 717 3531 peterent,
749 3451 787 3512 ut
812 3448 885 3530 ipsa
910 3468 1021 3532 regem
1047 3447 1138 3512 miti·

104 3540 218 3622 geret,
246 3534 350 3603 lraud'
363 3535 487 3626 ignari,
514 3536 662 3625 parentis
690 3557 764 3601 eam
784 3536 859 3600 1000
885 3535 979 3618 diligi
998 3535 1139 3618 colique.
