2422 3892
131 163 199 228 254
316 172 317 177 ’
506 164 538 231 Q.
559 162 669 219 CURTI
685 164 772 220 RUFI

129 312 167 373 ut
193 307 410 374 validissimas
437 307 570 372 navium
597 307 789 373 deducerent
814 307 850 371 in
875 305 1042 373 Oceanum
1069 329 1146 392 pro·

131 397 309 481 gressique,
337 396 443 480 quoad
470 399 542 462 tuto
565 400 712 481 possent,
738 398 889 460 naturam
913 395 1012 461 maris
1033 416 1146 462 nosce-

129 489 215 549 rent:
238 485 290 549 vel
313 485 426 549 eodem
449 506 543 548 amne
566 485 617 549 vel
639 483 808 568 Euphrate
832 485 941 549 subire
961 505 1017 549 eos
1037 505 1146 568 posse,

129 593 202 639 cum
224 573 345 637 reverti
367 571 408 636 ad
432 594 466 636 se
488 572 619 638 vellent.

94 674 111 722 4
216 660 350 745 Iamque
377 660 529 745 mitigata
550 661 655 726 hieme
679 664 713 726 at
733 661 881 745 navibus,
904 681 986 744 quae
1009 659 1144 725 inutiles
1154 666 1187 731 39

95 748 336 832 svidebantur,
359 749 511 814 crematis
537 752 625 814 terra
649 749 787 814 ducebat
809 747 992 813 exercitum.
1037 745 1145 815 Nonis

129 837 244 902 castris
267 837 301 900 in
324 837 490 921 regionem
513 837 688 922 Arabiton,
713 838 787 902 inde
809 836 946 902 totidem
970 835 1086 901 diebus
1111 837 1145 901 in

130 922 357 989 Cedrosiorum
383 929 573 1008 perventum
600 929 658 991 est.
702 924 801 990 Liber
826 924 880 990 hic
904 924 1045 1007 populus
1068 945 1144 989 con-

130 1012 204 1077 cilio
232 1012 346 1077 habito
376 1013 497 1079 dedidit
519 1035 554 1078 se
580 1035 640 1079 nec
668 1014 840 1098 quicquam
868 1012 984 1076 deditis
1012 1015 1144 1095 praeter

94 1115 110 1164 a
129 1104 328 1167 commeatus
355 1102 549 1186 imperatum
577 1106 634 1168 est.
675 1100 796 1178 Quinto
818 1101 895 1166 hinc
918 1100 969 1164 die
987 1101 1079 1165 venit
1104 1101 1144 1164 ad

129 1189 262 1254 flumen:
292 1190 439 1255 Arabum
466 1190 590 1255 incolae
618 1191 791 1278 appellant.
831 1189 935 1274 Regio
959 1188 1088 1252 deserta
1111 1192 1143 1252 et

129 1300 285 1363 aquarum
305 1279 399 1363 inops
419 1279 550 1362 excipit.
584 1277 688 1355 Quam
700 1284 854 1343 'emensus
874 1278 907 1340 in
927 1275 1036 1341 Oritas
1055 1279 1142 1340 tran-

129 1367 186 1431 sit:
213 1367 261 1431 ibi
283 1367 439 1433 maiorem
461 1366 619 1431 exercitus
638 1370 764 1450 partem
782 1365 1019 1449 Hephaestioni
1041 1363 1142 1429 tradi·

129 1454 191 1536 dit,
223 1455 326 1518 lavem
359 1457 557 1518 armaturam
589 1475 662 1518 cum
692 1453 879 1520 Ptolemaeo
910 1452 1142 1536 Leonnatoque

94 1541 270 1625 vpartitus
298 1544 356 1606 est.
401 1541 479 1606 'Pria
503 1541 601 1606 simul
624 1541 757 1625 agmina
778 1542 1020 1625 populabantur
1042 1540 1142 1606 Indos

92 1671 98 1682 ·
128 1650 330 1714 magnaeque
347 1629 486 1714 praedae
505 1632 597 1695 actae
615 1634 703 1696 sunt:
724 1630 906 1696 maritimos
924 1629 1143 1713 Ptolemaeus,

128 1721 254 1783 ceteros
279 1719 348 1802 ipse
374 1740 431 1784 rex
460 1721 493 1783 et
516 1718 557 1782 ab
581 1719 646 1783 alia
667 1724 761 1802 parte
784 1717 971 1784 Leonnatus
994 1718 1142 1782 mebant

127 1805 168 1872 In
184 1807 246 1872 hac
264 1829 391 1893 quoque
411 1808 544 1892 regione
562 1808 675 1872 urbem
694 1807 838 1873 condidit
856 1805 1046 1888 deductique
1065 1812 1142 1870 sunt

127 1895 258 1960 ineam
281 1895 462 1959 Arachosii.
725 1953 726 1957 ,
852 1947 854 1950 ⁴

92 1996 109 2045 8
216 1982 302 2046 Hinc
323 1983 471 2064 pervenit
494 1981 534 2045 ad
552 1983 733 2047 maritimos
751 1982 858 2047 Indos.
894 1982 1066 2047 Desertam
1086 1989 1189 2054 νει-40

129 2072 277 2152 stumque
309 2069 474 2152 regionem
508 2069 576 2133 late
606 2073 719 2136 tenent
750 2092 787 2135 ao
817 2091 859 2136 na
891 2092 963 2135 cum
992 2070 1141 2134 finitimis

94 2157 259 2240 squidem
281 2156 347 2222 ullo
371 2157 555 2221 commercii
577 2157 646 2222 iure
669 2159 853 2223 miscentur.
897 2158 974 2242 Ipsa
997 2159 1141 2224 solitudo

128 2248 246 2310 natura
277 2266 402 2330 quoque
434 2244 576 2311 immitia
604 2246 749 2311 efferavit
775 2246 922 2331 ingenia:
954 2247 1142 2330 prominent

128 2355 253 2420 ungues
283 2354 459 2419 numquam
486 2333 594 2416 recisi,
626 2341 735 2399 comae
762 2334 906 2399 hirsutae
930 2339 963 2400 et
990 2335 1140 2400 intonsae

80 2437 110 2487 ιο
129 2428 213 2488 sunt.
258 2422 403 2507 Tuguria
429 2423 560 2488 conchis
587 2426 621 2487 et
646 2423 760 2488 ceteris
789 2424 1013 2510 purgamentis
1040 2423 1140 2488 maris

127 2512 301 2579 instruunt.
336 2509 490 2577 Ferarum
513 2511 652 2595 pellibus
671 2511 750 2576 tecti
766 2511 909 2594 piscibus
928 2513 995 2576 sole
1014 2510 1140 2576 duratis

128 2604 162 2666 et
188 2602 347 2666 maiorum
384 2621 511 2685 quoque
546 2599 728 2683 beluarum,
765 2621 843 2684 quas
879 2600 997 2665 fluctus
1034 2600 1140 2683 eiecit,

77 2701 108 2750 11
128 2711 223 2755 carne
249 2691 429 2754 vescuntur.
474 2685 683 2772 Consumptis
714 2689 816 2773 igitur
845 2689 1007 2753 alimentis
1035 2687 1140 2752 Mace·

129 2777 227 2842 dones
251 2778 355 2861 primo
376 2776 529 2860 inopiam,
552 2776 666 2841 deinde
690 2776 731 2841 ad
753 2776 903 2841 ultimum
925 2777 1047 2841 famem
1068 2797 1139 2841 sen·

126 2866 188 2929 tire
211 2867 398 2947 coeperunt,
425 2865 549 2928 radices
575 2865 757 2947 palmarum
783 2900 821 2911 -
845 2887 985 2950 namque
1008 2865 1078 2929 sola
1100 2885 1140 2928 ea

77 2966 109 3014 12
128 2953 224 3017 arbor
256 2951 401 3037 gignitur
426 2987 464 2998 -
485 2952 604 3037 ubique
636 2953 801 3018 rimantes.
847 2952 922 3037 Sed,
953 2974 1026 3018 cum
1058 2952 1139 3018 haec

128 3062 253 3127 quoque
278 3040 433 3105 alimenta
456 3039 651 3125 defecerant,
674 3042 818 3106 iumenta
840 3042 971 3107 caedere
992 3041 1139 3125 adgressi

126 3153 167 3196 ue
191 3131 282 3215 equis
312 3128 440 3214 quidem
463 3127 685 3195 abstinebant:
717 3134 750 3194 et
773 3151 846 3195 cum
869 3131 1029 3214 deessent,
1055 3152 1138 3214 quae

127 3221 270 3284 sarcinas
303 3218 470 3302 veherent,
501 3218 605 3301 spolia
631 3218 670 3282 dc
697 3217 860 3301 hostibus,
891 3223 1025 3304 propter
1055 3240 1138 3302 quae

126 3307 245 3371 ultima
282 3306 425 3372 Orientis
461 3309 726 3390 peragraverant,
763 3307 949 3372 cremabant
979 3306 1138 3373 incendio.

65 3407 104 3455 13
115 3394 253 3461 Famem
287 3395 403 3461 deinde
428 3395 618 3482 pestilentia
645 3398 755 3461 secuta
782 3399 845 3478 est,
873 3397 991 3480 quippe
1016 3395 1138 3461 insalu-

100 3483 214 3551 brium
248 3486 404 3555 ciborum
436 3487 519 3557 novi
555 3485 642 3574 suci,
671 3483 716 3551 ad
741 3483 811 3550 hcc
839 3484 968 3546 itineris
985 3485 1086 3544 habor
1110 3489 1149 3544 et

78 3575 269 3660 *testitudo
307 3581 419 3650 animi
451 3580 687 3674 vulgaverant
713 3573 855 3640 morbos
885 3574 923 3632 et
944 3585 1010 3631 nec
1031 3584 1168 3626 manere
