2422 3892
252 172 506 228 HISTORIARUM
524 172 738 227 ALEXANDRI
756 173 829 242 VIII,
849 181 873 227 6.
893 180 916 228 7.
953 212 956 229 ;
1024 174 1089 238 203

85 317 269 381 meminisse
291 316 405 381 debere
428 337 484 381 eos
506 316 572 380 iam
594 317 681 380 viros
700 337 783 380 esse:
806 315 900 399 idque
921 316 961 380 ad
980 337 1090 380 conso·

85 405 215 467 landam
229 405 420 487 patientiam
433 404 602 468 verberum
617 426 659 467 an
673 404 713 468 ad
727 404 925 468 incitandum
939 403 1090 467 iuvenum

85 492 229 557 dolorem
251 492 371 556 dictum
394 496 491 574 esset,
514 492 548 555 in
571 491 723 576 ambiguo
747 491 855 555 fuisse.
899 490 968 554 Rex
992 491 1143 555 animine

85 579 291 663 corporisque
318 601 432 663 sopore
459 580 614 658 discusso,
644 601 715 643 cum
743 579 826 644 tanti
852 579 1000 661 periculi,
1027 600 1090 662 quo

86 671 242 749 evaserat,
259 668 367 752 imago
382 668 482 733 oculis
497 668 672 751 oberraret,
687 665 908 749 Eurylochum
923 684 944 730 n
958 667 1090 731 talentis

86 759 119 819 et
141 755 306 820 cuiusdam
329 755 483 819 Tiridatis
510 756 671 838 opulentis
699 754 793 819 bonis
821 754 969 837 protinus
993 754 1092 819 donat

84 843 294 927 fratremque,
322 847 496 926 antequam
524 865 583 926 pro
606 844 710 906 salute
733 843 799 907 eius
823 847 1020 926 precaretur,
1043 864 1090 906 re·

86 931 201 995 stituit.
224 931 361 996 Sceleris
376 934 484 995 autem
498 934 655 1013 auctores,
668 931 752 994 inter
766 951 847 1012 quos
862 927 1091 1014 Callisthenen,
1110 941 1143 989 2⁷

84 1019 211 1083 vinctos
230 1019 393 1083 adservari
411 1019 512 1081 iubet:
532 1019 646 1102 quibus
664 1018 698 1081 in
716 1018 840 1102 regiam
859 1018 1002 1082 adductis
1020 1023 1091 1083 toto

85 1105 136 1168 die
155 1109 188 1169 et
204 1109 299 1169 nocte
321 1106 469 1188 proxima
486 1127 574 1170 mero
594 1127 630 1170 ac
648 1103 770 1189 vigiliis
792 1107 901 1189 gravis
919 1106 1091 1189 adquievit.

37 1196 75 1260 24
84 1191 219 1256 Postero
239 1195 349 1256 autem
371 1193 522 1276 frequens
541 1194 711 1258 eonsilium
731 1192 890 1276 adhibuit,
913 1194 964 1258 eui
982 1197 1092 1276 patres
1110 1203 1144 1251 28

83 1280 320 1364 propinquique
348 1302 471 1363 eorum,
498 1280 537 1344 de
564 1282 680 1365 quibus
708 1280 877 1365 agebatur,
903 1281 1093 1363 intererant,

84 1390 125 1432 ne
148 1368 186 1432 de
214 1390 272 1433 sua
299 1369 427 1451 quidem
458 1368 561 1433 salute
590 1368 705 1433 securi:
734 1369 854 1452 quippe
881 1367 1092 1433 Macedonum

84 1477 172 1521 more
195 1455 300 1539 perire
323 1456 496 1541 debebant,
523 1458 667 1521 omnium
690 1456 816 1522 devotis
839 1456 1014 1539 capitibus,
1038 1456 1093 1539 qui

85 1545 239 1628 sanguine
262 1545 475 1629 contigissent
496 1566 579 1611 reos.
624 1544 692 1609 Rex
718 1544 879 1609 introduci
906 1544 1092 1609 coniuratos
1111 1554 1145 1602 aa

85 1637 212 1713 praeter
240 1629 463 1697 Callisthenen
488 1633 598 1697 iussit:
631 1636 741 1716 atque,
773 1653 853 1715 quae
880 1633 1092 1716 agitaverant,

86 1720 154 1781 sine
177 1719 380 1783 cunctatione
410 1719 548 1783 confessi
576 1724 659 1784 sunt.
704 1719 950 1802 Increpantibus
978 1719 1092 1783 deinde
1112 1729 1145 1778 30

85 1806 243 1870 universis
275 1826 330 1870 eos
362 1807 433 1889 ipse
464 1828 531 1888 rex,
564 1828 627 1890 quo
659 1827 718 1871 suo
750 1807 866 1870 merito
901 1810 1028 1871 tantum
1060 1807 1093 1869 in

86 1897 188 1957 semet
211 1894 411 1978 cogitassent
432 1893 572 1977 facinus,
593 1894 785 1977 interrogat.

500 2049 578 2115 Car.
605 2049 677 2115 VH.

173 2155 385 2240 Stupentibus
403 2157 519 2221 ceteris
533 2155 740 2238 Hermolaus,
759 2154 840 2219 ‘Nos
858 2154 957 2240 vero',
976 2157 1093 2239 inquit,
1113 2168 1127 2215 1

85 2243 259 2330 ‘quoniam
277 2245 371 2327 quasi
388 2245 521 2326 nescias,
540 2244 676 2327 quaeris,
694 2243 857 2308 occidendi
875 2247 908 2306 te
923 2245 1093 2308 consilium

85 2334 229 2416 iniimus,
257 2332 422 2416 quianon
444 2336 481 2396 ut
508 2332 655 2416 ingenuis
678 2332 838 2413 imperare
861 2332 1009 2414 coepisti,
1037 2330 1092 2394 sed

85 2421 177 2504 quasi
194 2421 228 2484 in
247 2419 407 2503 mancipia
424 2417 603 2485 dominari?
634 2418 763 2482 Primus
780 2439 818 2480 ex
835 2418 982 2481 omnibus
1001 2420 1093 2499 pater
1112 2428 1128 2476 2

84 2510 187 2592 ipsius
207 2507 344 2592 Sopolis,
362 2507 555 2590 parricidam
574 2507 673 2569 etiam
691 2505 836 2588 parentis
855 2505 904 2568 sui
923 2504 1092 2568 clamitans

86 2619 169 2678 esse,
192 2596 358 2679 consurgit
376 2599 410 2658 et
428 2594 468 2658 ad
487 2616 522 2657 os
546 2614 642 2657 manu
666 2593 793 2657 obiecta
811 2591 928 2655 scelere
947 2594 980 2654 et
997 2592 1092 2655 malis

86 2684 301 2747 insanientem
314 2682 402 2744 ultra
416 2684 516 2762 negat
530 2678 730 2744 audiendum.
756 2678 825 2741 Rex
843 2677 983 2743 inhibito
1001 2682 1092 2761 patre
1111 2690 1127 2737 3

85 2770 190 2833 dicere
212 2768 422 2832 Hermolaum
444 2769 549 2849 iubet,
577 2788 657 2850 quae
681 2787 720 2831 ex
742 2764 899 2848 magistro
927 2765 1094 2830 didicisset

86 2856 292 2921 Callisthene.
337 2854 383 2918 nt
404 2854 609 2938 Hermolaus,
637 2852 753 2936 ‘Utor',
781 2853 900 2936 inquit,
927 2851 1092 2918 ‘beneficio

85 2949 142 3009 tuo
170 2949 203 3009 et
230 2943 316 3026 dico,
347 2964 428 3026 quae
455 2943 577 3007 nostris
603 2942 698 3006 malis
727 2940 834 3006 didici.
883 2940 990 3017 Quota
1016 2953 1128 3025 pars4

85 3033 295 3097 Macedonum
327 3030 479 3095 saevitiae
510 3032 585 3095 tuae
617 3029 784 3113 superest?
817 3033 934 3112 quotus
965 3029 1092 3112 quidem

85 3143 150 3184 non
183 3142 200 3184 e
232 3119 390 3186 vilissimo
424 3118 601 3201 sanguine?
650 3117 781 3182 Attalus
817 3121 850 3181 et
881 3116 1028 3181 Philotas
1060 3120 1094 3180 et

85 3208 254 3272 Parmenio
278 3211 311 3272 et
333 3207 508 3290 Lyncestes
531 3203 713 3282 Alexander
737 3210 770 3270 et
793 3201 911 3288 Clitus,
937 3207 1093 3288 quantum

86 3295 126 3358 ad
145 3296 254 3359 hostes
272 3295 428 3378 pertinet,
445 3295 570 3376 vivunt,
590 3297 679 3358 stant
696 3294 730 3357 in
749 3293 829 3370 acie,
848 3296 881 3356 te
895 3292 1005 3375 clipeis
1025 3293 1091 3357 suis

84 3386 261 3466 protegunt
279 3386 313 3446 et
334 3404 393 3466 pro
413 3382 518 3466 gloria
536 3386 607 3466 tua,
628 3402 687 3465 pro
707 3379 840 3445 victoria
858 3380 990 3444 vulnera
1009 3379 1091 3444 exci-

84 3471 190 3553 piunt:
219 3471 335 3554 quibus
363 3475 400 3535 tu
428 3471 592 3555 egregiam
620 3470 761 3554 gratiam
788 3467 960 3532 rettulisti.
1007 3466 1138 3558 thess

82 3580 225 3623 mensam
241 3564 329 3624 tuam
344 3558 503 3646 sanguine
517 3581 578 3627 suo
592 3559 774 3646 adspersit.
802 3555 902 3620 lelius
915 3573 964 3615 ue
976 3546 1083 3622 sumu&
