2422 3892
319 161 573 218 HISTORIARUM
591 161 808 217 ALEXANDRI
826 162 859 230 X,
879 169 902 216 1.
1051 163 1115 225 261

107 307 268 392 quondam
287 308 439 372 adversus
461 307 631 372 libidinem
650 307 751 370 animi
763 307 907 372 arbitrio
927 306 1026 370 scorti
1044 307 1116 370 aliis

107 417 210 481 regna
231 396 336 479 daret,
365 396 440 460 aliis
464 396 620 460 adimeret
641 396 754 459 vitam.

518 535 537 576 *
684 534 703 574 a

600 581 619 620 a

76 664 97 728 6
126 705 129 709 -
194 659 301 725 Isdem
332 661 399 724 fere
430 661 543 725 diebus
571 661 700 724 litteras
730 663 763 741 [a
784 659 908 741 Coeno]
937 659 1055 742 accipit
1078 658 1116 722 de
1136 674 1169 721 43

106 748 202 813 rebus
234 750 268 813 in
299 749 432 832 Europa
463 752 497 813 et
523 747 604 813 Asia
637 749 752 833 gestis,
784 749 860 813 dum
892 747 963 831 ipse
993 746 1116 810 Indiam

107 837 238 920 subigit.
288 837 442 921 Zopyrio,
470 837 627 901 Thraciae
649 838 867 921 praepositus)
895 858 968 901 cum
991 835 1116 918 expedi·
1136 848 1172 896 44

105 925 228 989 tionem
260 926 295 989 in
327 925 427 989 Getas
459 925 593 1007 faceret,
624 926 873 1009 tempestatibus
903 924 1117 1008 procellisque

107 1014 215 1078 subito
244 1015 363 1077 coortis
382 1035 455 1077 cum
478 1018 548 1078 toto
568 1015 710 1077 exercitu
736 1035 908 1096 oppressus
932 1017 1010 1077 erat.
1047 1011 1119 1088 Qua
1136 1025 1171 1075 eo

107 1102 238 1184 cognita
261 1101 349 1165 clade
373 1097 509 1164 Seuthes
529 1101 680 1185 Odrysas,
703 1101 876 1185 populares
899 1123 983 1183 suos,
1007 1100 1048 1164 ad
1066 1100 1117 1164 de-

106 1187 281 1253 fectionem
313 1190 510 1272 conpulerat.
558 1189 691 1254 Amissa
718 1189 952 1272 propemodum
981 1188 1118 1251 Thracia

106 1298 146 1340 ne
167 1275 301 1340 Graecia
324 1278 453 1360 quidem
476 1279 655 1343 tumultibus
671 1279 853 1343 inconcussa
870 1278 996 1342 mansit.
1033 1276 1118 1340 Nam

107 1366 286 1430 Alexander
324 1366 442 1447 punita
480 1372 680 1449 satraparum
716 1368 911 1448 quorundam
948 1364 1120 1447 insolentia,

106 1475 216 1536 quam,
245 1455 319 1518 dum
344 1455 381 1518 in
406 1458 537 1519 eatrenco
563 1455 633 1520 orbe
658 1454 812 1519 Indorum
837 1456 937 1518 armis
960 1454 1120 1536 attinetur,

101 1563 160 1624 per
185 1561 309 1607 aemma
339 1543 451 1607 scelera
481 1548 571 1624 atque
597 1544 720 1626 amitto
747 1545 783 1608 in
803 1543 1010 1625 provinciales
1036 1561 1119 1606 erer-

107 1636 245 1708 cuerant,
277 1635 441 1694 ceterorum
471 1637 585 1695 nutrcm
616 1633 805 1697 intenderat:
840 1633 896 1713 qui
926 1633 961 1695 in
988 1630 1120 1712 paritius

15 1769 19 1781 .
107 1718 224 1782 delictis
245 1719 326 1781 mem
349 1718 555 1782 admissorum
575 1721 753 1799 praemium
775 1724 962 1800 expectantes
985 1720 1020 1782 in
1042 1738 1120 1782 mn·

108 1806 323 1870 eennariorum
345 1806 481 1869 militum
501 1807 594 1888 fidem
616 1806 843 1888 consumebant,
872 1807 998 1870 illorum
1020 1825 1112 1869 mam

108 1894 173 1975 drus,
195 1894 224 1958 si
241 1894 284 1958 ad
299 1894 485 1975 supplicium
502 1899 706 1977 poscerentur,
724 1895 854 1959 salutem
871 1914 962 1958 suam
981 1896 1119 1971 tutatnri,

107 1988 164 2046 aut
179 1982 327 2064 pecunia,
349 1987 467 2063 quanta
483 1987 618 2066 poterat,
641 1988 744 2047 coacto
764 1983 874 2065 fnpam
896 1983 1026 2046 inibant.
1067 1982 1121 2046 Ea

108 2091 142 2134 re
163 2071 284 2153 copnita
307 2071 425 2135 litterae
441 2071 485 2136 ad
501 2090 604 2136 omnes
620 2071 718 2136 Asiae
734 2077 892 2153 praetores
909 2072 1022 2136 missae
1038 2076 1120 2153 sunt,

108 2159 216 2241 quibus
240 2159 383 2239 inspeetis
406 2179 423 2223 e
446 2161 569 2242 aestipio
596 2180 698 2224 omnes
718 2161 898 2242 pereprinos
919 2161 1044 2237 milites,
1066 2160 1121 2241 qui

108 2247 261 2328 stipendia
282 2246 339 2311 sub
361 2247 439 2327 ipsis
458 2248 606 2327 facerent,
630 2249 782 2312 dimittere
803 2248 992 2312 iubebantur.
1037 2248 1122 2311 Erat

109 2337 190 2400 inter
218 2354 267 2400 eos
294 2334 471 2416 Harpalus,
503 2356 591 2418 quem
622 2335 813 2413 Aleaandcr,
844 2337 926 2417 quod
955 2335 992 2399 ab
1022 2336 1121 2415 ipsius

49 2433 52 2439 ’
108 2423 280 2488 amicitiam
306 2424 380 2488 olim
402 2444 423 2487 a
445 2423 591 2506 Philippo
613 2425 722 2487 ciectus
743 2424 843 2487 solum
864 2423 1010 2500 vertisset,
1040 2425 1120 2486 inter

107 2513 274 2595 fidissimos
291 2511 419 2576 babebat
435 2517 464 2576 et
479 2517 553 2593 post
569 2512 697 2575 Maeaei
712 2515 838 2575 mntem
856 2515 1000 2591 satrapea
1014 2510 1120 2592 Babp-

110 2602 210 2665 lonioe
240 2602 409 2664 donaremt
440 2599 709 2679 thesaurorumque
738 2599 891 2663 antodiae
924 2598 1120 2679 praefecerat.

109 2686 146 2751 Is
172 2689 268 2769 ipitur
299 2707 368 2750 cum
398 2686 558 2768 fiduciam,
589 2707 683 2768 quam
708 2687 744 2750 in
772 2687 1013 2767 propensissime
1041 2688 1121 2768 repis

107 2776 213 2857 pratia
234 2773 343 2838 meere
358 2778 493 2855 poterat,
515 2775 727 2857 mapniludine
748 2775 940 2857 flapitiorum
961 2794 1120 2856 eonsump

108 2863 208 2942 sisset,
242 2863 375 2945 quinque
406 2863 591 2927 maritorum
622 2863 713 2927 milio
743 2883 782 2927 ea
812 2882 890 2946 paea
920 2864 1006 2946 repia
1036 2865 1122 2944 rapit

109 2952 312 3032 cmiduetaque
332 2970 386 3016 sea
407 2951 530 3015 milium
551 2952 831 3016 mercennariorum
850 2953 1000 3016 manain
1017 2951 1121 3015 Euro-

103 3060 182 3122 pam
212 3040 321 3105 enadit.
372 3039 563 3120 Iampridem
596 3041 679 3104 enim
710 3040 787 3104 luen
816 3044 846 3104 et
876 3040 1055 3104 libidinibns
1084 3041 1121 3103 in

103 3148 250 3211 praeceps
273 3132 388 3192 tractus
409 3128 623 3210 dnpnataque
644 3129 730 3210 apud
749 3148 848 3210 nepem
871 3129 960 3192 venia
977 3129 1121 3192 adverus

109 3218 192 3280 iram
220 3217 321 3298 ipsius
351 3217 387 3279 iu
418 3216 530 3281 dunis
560 3217 667 3297 opibus
698 3216 869 3281 subsidium
896 3216 1122 3298 circumspicere

109 3311 245 3456 coeperm
232 3309 299 3368 tet
324 3303 537 3383 Allienunms,
564 3325 694 3385 aunum
715 3324 779 3368 non
801 3305 1049 3368 mntemnendam
1065 3325 1121 3386 po

109 3393 237 3457 tentiam
259 3398 287 3457 et
307 3393 393 3474 apud
413 3397 522 3460 eeteros
545 3391 679 3457 Graecos
698 3393 919 3476 auctoritatem,
942 3397 1007 3456 tum
1025 3393 1120 3456 occrd-

109 3485 175 3544 tum
197 3481 232 3544 in
252 3481 444 3547 Macedonas
465 3482 573 3548 odium
593 3487 701 3568 nnat,
675 3481 828 3548 tsedulo
851 3442 1003 3545 colion
1026 3478 1149 3545 imane

94 3587 181 3648 man
202 3589 273 3637 tunt
288 3571 431 3653 faciebat
452 3572 666 3642 Athenienses
691 3534 833 3640 dducam
856 3586 917 3632 sno
940 3559 1068 3639 monte
1090 3563 1176 3619 aom-
