2422 3892
313 183 567 240 HISTORIARUM
584 181 802 238 ALEXANDRI
820 183 867 252 VI,
887 189 910 239 Ἰ
1056 183 1119 247 133

110 331 253 396 sermoni
285 350 342 394 suo
375 348 484 430 regem
513 332 664 393 causatus
697 326 854 392 discessit.
902 326 1039 392 Postero
1069 327 1121 392 die

110 398 283 486 Cebalinus
302 417 475 483 venienti
465 438 500 480 1n
517 417 641 500 regiam
663 418 794 500 praesto
814 418 916 479 estm
881 417 1006 479 mttran
1007 436 1121 498 emque

110 508 262 573 admonet
278 505 382 590 pridie
401 505 657 570 communicatae
676 524 748 568 cum
766 503 838 587 ipso
856 504 913 568 rei.
946 503 1008 568 Ille
1027 525 1121 567 curae

110 595 174 659 sibi
205 616 276 659 esse
307 593 493 676 respondet:
525 614 562 656 ac
589 613 629 656 ne
663 595 734 656 tum
766 591 896 676 quidem
922 592 1007 676 regi,
1039 613 1120 674 quae

109 683 268 764 audierat,
300 681 412 765 aperit
463 679 622 764 Coeperat
652 677 807 746 Cebalino
840 701 911 744 esse
943 683 1121 762 suspectus.

108 769 221 855 ltaque
240 792 306 834 non
324 770 410 834 ultra
428 767 700 852 interpellandum
718 771 809 833 ratus
827 768 931 833 nobili
953 768 1062 833 iuveni
1079 804 1119 813 —
1140 787 1175 834 aa

108 858 237 924 Metr0n
256 860 326 923 erat
344 858 374 921 ei
392 878 511 922 nomen
526 893 568 902 -
586 878 682 938 super
700 857 986 922 armamentarium
1003 856 1121 940 posito,

110 948 195 1029 quod
217 946 320 1010 scelus
339 948 523 1029 pararetur,
546 944 677 1008 indicat.
712 942 773 1008 Ille
793 942 947 1009 Cebalino
966 945 1002 1008 in
1019 967 1121 1010 arma-
1140 964 1176 1012 11

111 1034 271 1098 monterio
291 1033 481 1099 abscondito
500 1033 649 1116 protinus
663 1032 735 1116 regi
749 1053 864 1115 corpus
882 1033 968 1098 forte
988 1033 1122 1116 curanti,

56 1126 99 1189 27
111 1121 188 1205 quid
211 1120 308 1185 index
325 1120 509 1203 detulisset,
532 1119 681 1184 ostendit.
717 1118 788 1183 Rex
806 1119 847 1185 ad
865 1120 1120 1204 conprehenden·
1140 1139 1175 1188 14

57 3322 100 3387 28

111 1210 187 1273 dum
199 1208 364 1292 Dymnum
378 1208 488 1273 missis
503 1208 697 1274 satellitibus
712 1212 997 1272 armamentarium
1010 1209 1121 1272 intrat.

109 1297 160 1361 Ibi
179 1293 351 1361 Cebalinus
375 1296 494 1381 gaudio
517 1297 636 1380 elatus,
660 1295 785 1360 ‘Habeo
808 1295 862 1381 te',
884 1296 1000 1379 inquit,
1023 1294 1122 1360 ‘inco-

109 1386 231 1449 lumem
259 1407 298 1448 ex
324 1384 488 1468 inpiorum
515 1385 664 1449 manibus
692 1383 862 1468 ereptum’.
909 1383 1121 1448 Percontatus
1141 1402 1177 1452 11

109 1473 223 1538 deinde
241 1471 438 1551 Alexander,
464 1494 545 1556 quae
569 1472 729 1537 noscenda
747 1475 853 1554 erant,
877 1472 988 1538 ordine
1007 1475 1123 1537 cuncta

109 1561 285 1646 cognoscit.
332 1560 520 1645 Rursusque
551 1561 674 1626 institit
706 1582 874 1644 quaerere,
903 1564 1020 1644 quotus
1053 1560 1122 1625 dies

110 1654 210 1732 esset,
234 1671 273 1712 ex
296 1670 359 1732 quo
378 1648 596 1714 Nicomachus
615 1651 656 1712 ad
675 1671 748 1713 eum
769 1649 941 1715 detulisset
958 1647 1123 1714 indicium.

110 1737 218 1820 Atque
238 1736 296 1800 illo
314 1736 451 1818 fatente,
472 1735 540 1800 iam
557 1737 689 1800 tertium
708 1758 792 1819 esse,
812 1737 1015 1819 existimans,
1035 1735 1122 1801 haud
1141 1757 1175 1805 aa

110 1825 297 1925 incorrupta
314 1824 378 1888 fide
401 1785 495 1887 tairto
514 1826 590 1905 post
612 1823 749 1907 deferre,
773 1845 855 1909 quae
873 1824 1033 1907 audierat,
1054 1825 1122 1888 vin-

111 1913 170 1975 ciri
193 1933 266 1976 eum
285 1911 390 1976 iussit.
424 1911 485 1975 llle
504 1911 672 1976 clamitare
690 1911 812 1996 coepit,
835 1912 947 1976 eodem
965 1874 1122 1995 teniporis
1141 1930 1175 1981 17

111 2004 288 2082 momento,
312 2021 375 2084 quo
394 1989 549 2080 audisset,
573 2000 613 2064 ad
631 1998 786 2064 Philotan
808 1999 999 2066 decurrisse
1023 2001 1063 2065 ab
1084 2023 1121 2066 eo

112 2088 233 2171 operiri
260 2092 422 2171 conperta.
469 2088 551 2152 Tum
577 2110 648 2172 rex,
677 2088 852 2153 identidem
878 2110 1049 2172 quaerens,
1081 2111 1124 2154 an
1141 2109 1179 2158 28-

110 2176 266 2241 Philotan
289 2175 411 2240 adisset
396 2179 424 2260 t,
447 2198 488 2240 an
515 2176 691 2241 institisset
717 2177 760 2260 ei,
787 2181 824 2241 ut
850 2173 1057 2262 pervenirent
1083 2178 1124 2242 ad

111 2285 159 2346 se,
182 2267 407 2347 perseverante
427 2285 464 2328 eo
484 2263 669 2348 adfirmare,
691 2286 773 2348 quae
793 2265 931 2348 dixerat,
948 2287 1063 2330 manus
1083 2265 1124 2329 ad

112 2352 236 2417 caelum
257 2353 392 2417 tendens
411 2354 617 2417 manantibus
640 2353 784 2417 lacrimis
797 2354 888 2434 hanc
906 2353 970 2417 sibi
988 2374 1008 2415 a
1027 2353 1123 2416 caris-

111 2440 194 2505 simo
218 2441 380 2524 quondam
399 2441 575 2506 amicorum
595 2440 733 2505 relatam
757 2440 898 2524 gratiam
922 2441 1124 2522 querebatur.

109 2528 199 2593 Inter
225 2530 305 2594 haec
332 2528 479 2612 Dymnus
506 2528 593 2592 haud
620 2529 768 2612 ignarus,
796 2549 893 2610 quam
921 2528 963 2590 ob
992 2548 1122 2591 causam
1140 2549 1175 2597 aa

110 2620 327 2681 accerseretur
355 2636 374 2679 a
400 2637 491 2701 rege,
523 2615 647 2699 gladio,
681 2636 744 2697 quo
775 2614 860 2680 forte
890 2618 959 2679 erat
991 2614 1124 2700 cinctus,

111 2703 254 2785 graviter
282 2724 317 2767 se
345 2703 495 2768 vulnerat
522 2723 719 2785 occursuque
752 2702 931 2766 satellitum
964 2702 1123 2767 inhibitus

111 2789 272 2873 perfertur
289 2790 324 2854 in
342 2791 475 2875 regiam.
511 2789 614 2866 Quem
632 2790 761 2855 intuens
780 2812 845 2873 rex,
864 2788 990 2874 ‘Quod’,
1008 2792 1123 2875 inquit,
1142 2812 1177 2862 ao

112 2878 158 2941 ‘in
180 2881 226 2961 te,
254 2877 395 2962 Dymno,
421 2882 549 2942 tantum
572 2877 715 2964 cogitavi
736 2879 842 2962 nefas,
869 2881 907 2943 ut
932 2879 996 2943 tibi
1018 2877 1124 2944 Mace-

112 2966 232 3032 donum
250 2986 352 3051 regno
376 2965 504 3051 dignior
521 2965 669 3032 Philotas
688 2988 739 3032 me
760 2988 887 3052 quoque
909 2967 982 3050 ipso
1000 2967 1123 3033 videre·

110 3054 199 3120 tur?'
244 3054 343 3120 Illum
366 3054 432 3120 iam
456 3055 617 3120 defecerat
639 3077 710 3122 vox.
749 3055 873 3140 Itaque
889 3054 975 3120 edito
999 3055 1123 3140 gemitu

110 3143 265 3228 vultuque
289 3166 308 3207 1
331 3146 505 3227 conspectu
531 3144 617 3227 regis
646 3165 759 3209 averso
787 3143 925 3208 subinde
950 3143 1122 3227 conlapsus

112 3231 321 3315 extinguitur.

197 3319 267 3384 Rex
288 3318 421 3384 Philota
443 3319 551 3384 venire
574 3320 609 3384 in
631 3340 756 3403 regram
783 3320 887 3404 iusso,
914 3317 1122 3404 ‘Cebalinus',
1141 3341 1174 3389 31

109 3406 230 3490 inquit,
250 3406 412 3472 ‘ultimum
431 3408 624 3492 supplicium
638 3408 789 3493 meritus,
808 3408 837 3474 si
854 3409 889 3473 in
903 3414 1001 3492 caput
1014 3431 1122 3473 meum

109 3498 321 3578 praeparatas
348 3495 484 3561 insidias
512 3497 611 3561 biduo
634 3497 730 3580 texit,
756 3495 852 3561 huius
880 3497 1024 3562 criminis
1046 3495 1122 3561 Phi-

108 3582 201 3647 lotan
223 3605 313 3648 reum
337 3584 520 3667 substituit,
544 3584 584 3648 ad
607 3605 701 3669 quem
724 3585 873 3670 protinus
896 3584 1050 3650 indicium
1070 3584 1122 3648 de-
