2422 3892
148 164 210 226 176
515 165 547 230 Q.
567 164 676 220 OUltTI
694 163 780 218 RUFI

95 329 126 376 2ο
145 331 258 373 avaras
277 313 310 373 et
322 309 526 373 insatiabiles
541 330 654 374 manus
673 308 823 392 porrigis.
855 307 937 382 Quid
951 307 1016 372 tibi
1031 307 1165 374 divitiis

144 419 224 480 opus
253 402 316 480 221,
347 418 428 480 quae
455 397 574 461 esurire
600 402 636 460 te
663 396 804 479 cogunt?
853 395 980 460 Primus
1011 398 1165 462 omnium

146 487 296 549 satietate
314 486 438 568 parasti
456 484 588 568 famem,
606 488 655 566 ut,
673 506 736 568 quo
755 484 850 566 plura
868 483 1020 565 haberes,
1043 486 1166 570 acrius,

93 593 125 639 21
145 596 226 657 quae
244 595 309 637 non
326 573 440 656 habes,
459 595 598 656 cuperes.
635 570 711 636 Non
729 571 885 636 succurrit
903 570 976 654 tibi,
1001 575 1165 656 quamdiu

145 662 263 725 circum
290 661 408 724 Bactra
433 660 588 725 haereas?
622 661 697 724 dum
724 660 798 724 illos
827 659 963 744 subigis,
997 659 1165 746 Sogdiani

144 749 266 813 bellare
296 753 477 832 coeperunt.
526 747 654 812 Bellum
681 749 744 812 tibi
771 769 809 812 ex
836 748 972 812 victoria
999 751 1164 816 nascitur.

144 837 229 901 Nam
256 841 293 900 ut
316 838 419 902 maior
443 837 619 920 fortiorque
643 837 687 900 sis
712 857 809 919 quam
832 836 1015 920 quisquam,
1047 840 1165 904 tamen

93 944 125 991 22
145 924 357 1007 alienigenam
385 925 550 989 dominum
576 925 646 1008 pati
672 945 766 988 nemo
792 924 871 989 vult.
915 922 1036 989 Transi
1062 926 1206 993 mod035

145 1011 285 1076 Tanain:
316 1013 411 1097 scies,
443 1035 539 1098 quam
566 1014 633 1077 late
660 1016 806 1095 pateant,
837 1033 1013 1095 numquam
1044 1017 1164 1080 tamen

145 1101 348 1184 consequeris
377 1100 524 1185 Scythas.
572 1100 750 1184 Paupertas
782 1103 895 1164 nostra
920 1100 1070 1166 velocior
1101 1106 1166 1168 erit

145 1211 240 1272 quam
260 1190 416 1255 exercitus
434 1194 520 1272 tuus,
542 1190 596 1273 qui
619 1189 771 1272 praedam
793 1190 845 1253 tot
863 1187 1031 1252 nationum
1057 1191 1164 1258 vehit

92 1298 124 1344 22
144 1277 283 1362 Rursus,
306 1300 377 1343 cum
399 1277 512 1361 procul
535 1278 647 1341 212222
663 1298 723 1341 nos
743 1276 864 1359 eredes,
887 1275 1011 1340 videbis
1030 1277 1070 1342 in
1094 1281 1163 1346 tuis

145 1367 269 1430 castris.
306 1365 429 1429 Eadem
443 1366 529 1429 enim
543 1365 713 1429 velocitate
728 1368 761 1428 et
777 1365 940 1449 sequimur
954 1368 987 1428 et
1000 1364 1164 1450 fugimus.

145 1451 339 1536 Scytharum
362 1453 552 1517 solitudines
575 1451 708 1516 Graecis
731 1453 829 1517 etiam
852 1452 1034 1535 proverbiis
1062 1457 1163 1523 audio

91 1540 239 1607 2421211.
284 1539 331 1602 At
352 1561 411 1604 nos
435 1540 561 1603 deserta
584 1543 617 1604 et
642 1540 783 1604 humano
807 1540 896 1605 cultu
921 1562 1024 1605 vacua
1050 1547 1163 1630 magis

145 1649 240 1713 quam
272 1628 367 1692 urbes
399 1632 432 1692 et
464 1628 634 1711 opulentos
668 1648 763 1711 agros
793 1628 961 1712 sequimur.
1011 1627 1164 1698 Proinde

143 1715 320 1781 Fortunam
342 1719 432 1780 tuam
455 1716 575 1800 pressis
598 1717 745 1781 manibus
768 1721 856 1781 tene:
878 1716 1005 1781 lubrica
1021 1724 1081 1784 est
1102 1743 1164 1788 nso

142 1805 246 1870 invita
264 1805 366 1869 teneri
389 1809 507 1888 potest.
548 1802 681 1869 Salubre
702 1805 872 1868 consilium
895 1826 1032 1889 sequens
1060 1830 1164 1894 qnam

143 1914 295 1976 praesens
314 1896 442 1976 tempus
460 1893 607 1957 ostendet
625 1892 755 1957 melius:
774 1893 891 1976 inpone
908 1893 1064 1960 felicitati
1084 1901 1163 1964 tuac

91 2001 124 2048 22
143 1981 265 2061 frenos,
282 1979 409 2044 facilius
428 1981 520 2044 illam
536 2001 638 2064 reges.
674 1979 787 2045 Nostri
804 1981 873 2045 sine
890 1981 1026 2065 pedibus
1042 1984 1163 2052 dicunt
1184 2000 1188 2007 '

143 2088 213 2132 2222
226 2067 404 2131 Fortunam
424 2070 519 2152 [quae
542 2089 656 2132 manus
680 2073 712 2132 et
732 2069 848 2152 pinnas
871 2072 999 2133 tantum
1021 2069 1161 2157 habet]:

143 2177 216 2219 cum
252 2177 366 2219 manus
407 2155 559 2239 porrigit,
600 2156 715 2240 pinnas
756 2178 882 2241 quoque
916 2158 1161 2241 conprehende.

91 2264 124 2311 22
142 2244 286 2328 Denique
306 2244 334 2307 si
349 2242 426 2307 deus
446 2265 489 2325 22,
507 2245 648 2307 tribuere
663 2245 855 2309 mortalibus
873 2245 1030 2324 beneficia
1046 2249 1162 2336 debes,

141 2354 208 2396 non
222 2354 280 2396 sua
295 2331 429 2414 eripere:
453 2333 503 2397 sin
518 2337 626 2396 autem
640 2332 738 2397 homo
753 2354 796 2416 es,
814 2333 847 2396 id
862 2333 947 2417 quod
961 2354 1004 2417 es,
1023 2351 1162 2423 semper
1183 2262 1205 2421 1

144 2443 213 2485 esse
235 2423 268 2485 te
287 2421 404 2504 cogita.
441 2418 582 2485 Stultum
601 2425 651 2484 221
669 2441 780 2484 eorum
798 2422 994 2505 meminisse,
1016 2431 1163 2511 propter

90 2530 122 2575 av
143 2530 225 2594 quae
255 2511 304 2574 tui
335 2509 543 2595 obliviscaris.
560 2514 577 2594 s
594 2508 717 2585 Quibus
749 2509 870 2573 bellum
901 2531 968 2574 non
993 2509 1163 2601 intuleris,

142 2597 234 2663 bonis
255 2598 366 2662 amicis
389 2598 510 2681 poteris
533 2597 591 2661 uti.
626 2595 712 2660 Nam
735 2600 768 2659 et
789 2597 976 2662 firmissima
992 2602 1046 2663 est
1070 2602 1163 2669 inter

141 2709 236 2769 pares
256 2687 398 2751 amicitia
416 2690 448 2750 et
462 2686 610 2749 videntur
628 2705 731 2768 pares,
745 2685 800 2768 qui
817 2707 883 2749 non
901 2685 1049 2751 fecerunt
1070 2690 1162 2758 inter

89 2793 122 2841 22
143 2795 176 2836 22
199 2775 378 2857 periculum
403 2773 530 2837 virium.
576 2772 662 2847 Quos
690 2773 818 2856 viceris,
847 2774 966 2838 amicos
993 2775 1058 2839 tibi
1086 2801 1162 2846 esse

142 2882 218 2924 cave
242 2862 367 2925 credas:
393 2862 479 2925 inter
501 2860 665 2924 dominum
689 2864 721 2924 et
744 2883 870 2926 servum
892 2862 982 2926 nulla
1004 2865 1162 2934 amicitia

89 2968 121 3014 22
142 2950 199 3031 221,
218 2949 316 3012 etiam
335 2950 369 3013 in
386 2970 464 3031 paee
483 2947 561 3012 belli
579 2953 689 3012 tamen
707 2949 778 3013 iura
797 2954 976 3015 servantur.
1009 2949 1161 3022 Iurando

142 3037 281 3121 gratiam
305 3035 442 3120 Scythas
466 3037 589 3100 sancire
612 3058 652 3100 ne
677 3037 863 3102 credideris:
891 3039 1024 3102 colendo
1055 3042 1161 3109 fidem

141 3126 259 3189 iurant.
310 3123 506 3190 Graecorum
537 3123 602 3188 ista
630 3126 737 3189 cautio
768 3129 830 3208 est,
861 3127 916 3210 qui
947 3131 1044 3210 pacta
1080 3153 1161 3198 con·

142 3214 272 3297 signant
295 3219 328 3278 et
351 3214 427 3278 deos
451 3214 615 3277 invocant:
638 3235 697 3279 nos
721 3214 912 3296 religionem
936 3216 968 3279 in
992 3215 1068 3298 ipsa
1092 3220 1162 3287 fide

140 3302 298 3383 ponimus.
347 3301 409 3378 Qui
436 3324 501 3366 non
528 3304 713 3365 reverentur
736 3301 896 3386 homines,
923 3304 1042 3367 fallunt
1066 3307 1161 3375 deos.

140 3388 209 3452 Nec
233 3390 294 3453 tibi
313 3392 416 3455 amico
432 3412 511 3474 opus
528 3393 589 3473 est,
609 3389 647 3453 de
666 3388 754 3452 cuius
774 3390 992 3456 benivolentia
1012 3390 1162 3464 dubites.

76 3498 113 3542 ac
135 3476 285 3542 Ceterum
313 3499 375 3544 nos
399 3481 432 3544 et
460 3478 558 3543 Asiae
586 3481 620 3542 et
645 3475 794 3559 Europae
823 3480 970 3544 custodes
997 3479 1162 3553 habebis:

113 3565 255 3649 Bactra,
276 3569 347 3636 nisi
367 3569 500 3638 dividat
518 3567 658 3650 Tanais,
676 3565 914 3648 contingamus.
926 3567 1018 3625 ultra.
1024 3565 1178 3637 'hasam
