2422 3892
326 162 579 220 HISTORIABUM
596 159 811 217 ALEXANDBI
828 161 875 231 Vl,
894 168 919 216 6.
1064 163 1126 226 129

119 314 250 394 gratnm
278 312 338 375 est.
380 306 486 391 Igitur
512 328 553 372 ne
580 307 616 370 in
643 306 836 371 seditionem
862 326 914 370 res
942 308 1179 390 verteretur,1a

119 398 222 462 otium
244 395 514 480 interpellandum
533 397 603 459 erat
624 394 725 478 bello,
749 394 838 458 cuius
859 393 996 458 materia
1014 414 1128 477 oppor-

118 491 195 550 tune
223 485 379 549 alebatur.
427 483 577 566 Namque
605 481 724 547 Bessus
755 484 846 546 veste
877 482 968 566 regia
1000 484 1128 565 sumpta
1148 504 1180 552 ra

118 574 323 638 Artaxerxen
341 572 497 656 appellari
516 592 550 636 se
567 571 706 636 iusserat
724 567 926 654 Scythasque
949 573 983 635 et
1005 573 1128 635 ceteros

118 661 238 726 Tanais
262 661 388 726 accolas
417 659 639 724 contrahebat.
684 657 775 723 Haec
797 655 1024 724 Satibarzanes
1047 678 1128 723 nun·

118 750 237 832 tiabat,
264 770 360 833 quem
382 751 546 830 receptum
574 747 609 811 in
631 746 726 811 fidem
748 747 887 831 regioni,
912 768 1009 830 quam
1032 750 1129 811 antea

119 838 313 920 obtinuerat,
326 835 490 920 praefecit.
522 835 567 899 Et
581 856 654 899 cum
668 854 766 918 grave
780 835 893 917 spoliis
907 837 1128 920 apparatuque
1150 855 1181 904 14

119 925 264 990 luxuriae
292 945 410 1009 agmen
436 925 490 987 vix
512 927 708 1004 moveretur,
736 944 810 986 suas
832 923 986 1007 primum,
1014 923 1128 988 deinde

98 1009 99 1012 ’
118 1014 221 1078 totius
240 1013 398 1077 exercitus
422 1011 565 1076 sarcinas
587 1010 728 1093 exceptis
748 1011 919 1075 admodum
937 1011 1128 1077 necessariis

118 1100 232 1165 referri
259 1100 356 1164 iussit
382 1099 416 1162 in
438 1099 587 1163 medium.
631 1096 788 1162 Planities
812 1101 957 1181 spatiosa
984 1103 1067 1176 erat,
1094 1100 1129 1162 in
1149 1120 1181 1168 15

120 1209 217 1271 quam
254 1184 403 1251 vehicula
440 1190 556 1250 onusta
592 1187 815 1270 perduxerant
872 1185 1128 1269 Expectantibus

120 1275 259 1359 cunctis,
283 1273 359 1358 quid
378 1272 491 1338 deinde
510 1278 596 1339 esset
617 1274 847 1358 imperaturus,
869 1275 1012 1338 iumenta
1034 1274 1129 1338 iussit

120 1363 234 1428 abduci
262 1363 390 1446 suisque
417 1363 558 1445 primum
586 1363 722 1426 sarcinis
749 1362 819 1427 face
847 1361 978 1426 subdita
1005 1365 1129 1427 ceteras

119 1450 246 1516 incendi
271 1451 454 1534 praecepit
509 1449 709 1534 Blagrabant
741 1450 949 1515 exurentibus
980 1449 1129 1534 dominis,
1149 1480 1182 1528 16

120 1561 201 1624 quae
228 1542 265 1603 ut
292 1538 417 1604 intacta
443 1560 482 1602 ex
509 1540 645 1603 urbibus
672 1538 816 1603 hostiurn
842 1543 1006 1622 raperent,
1034 1559 1129 1623 saepe

120 1629 266 1692 flammas
285 1627 515 1704 restinxerant,
533 1627 622 1691 nullo
646 1626 813 1711 sanguinis
831 1628 973 1710 pretium
992 1626 1129 1692 audente

120 1715 249 1798 deflere,
276 1735 348 1778 cum
375 1715 483 1797 regias
510 1735 588 1798 opes
610 1714 695 1779 idem
721 1715 808 1797 ignis
832 1717 987 1779 exureret
1032 1714 1130 1779 Brevi
1150 1744 1182 1793 17

122 1802 235 1866 deinde
255 1801 339 1866 ratio
363 1801 527 1885 mitigavit
555 1801 698 1866 dolorem
725 1801 912 1886 habilesque
935 1802 1074 1867 militiae
1098 1807 1131 1866 et

122 1890 162 1953 ad
186 1889 296 1954 omnia
317 1889 427 1974 parati
448 1889 655 1954 laetabantur
678 1889 876 1955 sarcinarum
898 1890 1008 1974 potius
1033 1912 1129 1974 quam

69 1977 309 2062 22disciplinae
332 1977 447 2042 fecisse
469 1979 636 2042 iacturam.
671 1976 777 2062 Igitur
797 1976 1003 2043 Bactrianam
1025 1980 1183 2064 regio-13

121 2088 195 2130 nem
213 2067 377 2150 petebant.
414 2063 477 2130 Sed
492 2063 648 2150 Nicanor,
666 2065 889 2132 Parmenionis
902 2066 1002 2151 filius,
1020 2068 1130 2133 subita

121 2158 225 2218 morte
243 2157 409 2238 correptus
428 2173 546 2239 magno
567 2155 723 2219 desiderio
743 2156 793 2220 sni
813 2155 975 2220 adfecerat
988 2161 1131 2222 cunctos.

121 2242 191 2306 Rex
219 2245 295 2306 ante
323 2263 434 2307 omnes
458 2246 599 2308 maestus
627 2243 779 2326 cupiebat
802 2244 932 2327 quidem
955 2244 1130 2309 subsistere
1150 2273 1183 2322 19

120 2330 227 2395 frmeri
254 2330 434 2415 adfuturus,
466 2331 523 2395 sed
550 2331 684 2416 penuria
710 2335 947 2396 commeatuum
976 2330 1130 2395 festinare

122 2420 266 2503 cogebat.
310 2419 425 2503 Itaque
448 2418 596 2484 Philotas
624 2441 695 2484 cum
724 2419 848 2483 duobus
875 2418 1005 2483 milibus
1029 2422 1062 2482 et
1084 2436 1130 2484 nc

120 2508 268 2591 relictus,
291 2511 327 2572 ut
349 2509 437 2572 iusta
458 2507 552 2572 fratri
574 2508 785 2591 persolveret:
808 2507 879 2589 ipse
902 2505 1068 2570 contendit
1089 2507 1130 2571 ad

121 2595 267 2660 Bessum.

208 2682 276 2745 Iter
299 2681 431 2746 facienti
454 2683 494 2746 ei'
507 2683 637 2747 litterae
662 2681 851 2747 adferuntur
874 2703 895 2745 a
916 2680 1063 2746 finitimis
1082 2704 1130 2748 sa
1149 2711 1184 2761 20

121 2774 301 2851 traparum,
330 2769 486 2852 equibus
511 2771 677 2853 cognoscit
699 2769 837 2833 Bessum
864 2769 993 2853 quidem
1017 2770 1130 2835 hostili
1188 2842 1190 2846 ,

123 2857 231 2921 animo
256 2877 421 2921 occurrere
445 2879 517 2923 cum
541 2859 694 2942 exercitu,
724 2861 863 2922 ceterum
889 2855 1130 2944 Satibarzanen,

123 2967 219 3029 quem
247 2949 414 3028 satrapeae
441 2945 595 3012 Ariorum
622 2947 691 3030 ipse
723 2945 944 3031 praefecisset,
975 2946 1130 3013 defecisse

122 3035 163 3099 ab
192 3055 238 3099 eo.
288 3033 403 3117 Itaque
431 3057 626 3120 quamquam
655 3035 755 3100 Besso
778 3035 988 3120 imminebat,
1019 3039 1130 3101 tamen
1148 3066 1180 3113 21

122 3121 354 3187 Satibarzanen
381 3124 628 3207 opprimendum
658 3125 820 3208 praeverti
849 3125 1007 3208 optimum
1039 3128 1129 3190 ratus

121 3211 225 3275 levem
254 3214 450 3276 armaturam
478 3217 511 3276 et
539 3217 703 3296 equestres
730 3212 840 3296 copias
863 3211 970 3276 educit
995 3215 1130 3297 totaque

121 3302 216 3363 nocte
234 3299 350 3365 itinere
369 3304 499 3366 strenue
520 3301 608 3367 facto
626 3302 811 3386 inprovisus
829 3299 919 3365 hosti
938 3302 1130 3385 supervenit.

122 3385 221 3452 Ouius
235 3390 367 3472 cognito
383 3389 520 3455 adventu
532 3388 757 3456 Satibarzanes
772 3410 845 3454 oum
859 3388 983 3454 duobus
998 3390 1130 3454 milibus
1148 3419 1182 3467 ῃ

121 3476 266 3560 equitum
296 3514 334 3524 -
363 3499 422 3542 nec
453 3479 563 3563 plures
594 3480 702 3545 subito
730 3477 878 3544 contrahi
906 3481 1059 3562 poterant
1087 3513 1128 3524 -

119 3564 241 3630 Bactra
258 3566 415 3651 perfugit,
438 3569 536 3633 ceteri
555 3569 719 3653 proximos
738 3570 865 3633 montes
884 3570 1129 3650 occupaverunt.

174 3678 266 3720 eurum
280 3681 361 3722 Rufus.
951 3677 970 3721 ‘b
