2422 3892
140 133 203 198 50·
320 112 381 143 ·’
502 130 767 208 conuersum
835 174 844 186 .

141 299 213 342 eum
236 277 349 344 ardore
372 280 406 342 et
428 275 571 341 siccitate
593 276 744 360 regionis,
766 275 823 340 sed
846 275 943 340 etiam
966 296 1039 340 oum
1062 279 1198 341 terra·-

141 366 268 431 cissimo
305 366 435 448 sabulo,
468 364 554 447 quod
589 364 769 448 praealtum
800 367 834 427 et
863 363 1001 449 vestigio
1034 364 1155 429 cedens

106 474 236 539 saegre
267 415 444 518 moliuntui
473 452 580 535 pedes.
623 451 713 516 Haec
739 451 897 552 Aegyptii
923 472 999 516 vero
1027 452 1156 517 maiora

141 542 313 606 iactabant.
333 531 455 606 Sed
445 561 561 625 ingens
583 539 699 640 cupido
723 540 865 603 animum
888 539 1077 608 stimulabat
1098 540 1164 606 ad

141 630 238 694 eundi
266 627 388 712 Iovem,
424 649 518 711 quem
548 628 673 711 generis
701 627 751 692 sui
778 629 940 692 auctorem
965 626 1055 691 haud
1077 648 1156 693 con.-

140 721 249 782 tentus
285 717 413 781 mortali
446 715 578 800 fastigm
611 718 668 780 aut
699 710 849 779 credebat
877 736 947 779 esse
977 718 1035 783 aut
1065 717 1156 781 credi

106 795 278 873 avoleb'at
321 803 410 889 Ergo
438 825 511 868 cum
532 803 586 886 iis,
614 824 694 886 quos
717 803 830 867 ducere
854 824 961 868 seeum
984 805 1155 889 statuerat,
1165 802 1202 867 30

142 892 280 957 secundo
315 914 409 956 amne
441 853 605 956 descendit
636 891 676 955 ad
707 889 867 956 Mareotin
897 890 1056 974 paludem.
1101 855 1180 958 Ed

141 979 241 1064 legati
263 978 496 1064 Cyrenensium
519 980 604 1044 dona
626 979 776 1062 attulere,
798 999 911 1062 pacem
934 981 967 1042 et
988 982 1026 1044 ut
1048 979 1157 1045 adiret

141 1068 235 1132 urbes
264 1090 338 1153 suas
365 1071 520 1152 petentes.
568 1066 627 1131 Ille
659 1065 751 1131 donis
780 1066 918 1150 acceptis
948 1066 1156 1152 amicitiaque

91 1174 123 1223 10
142 1156 313 1221 coniuncta
340 1156 500 1221 destinata
527 1155 639 1238 exequi
660 1154 775 1240 pergit.
823 1154 871 1218 Ac
893 1154 997 1238 primo
1023 1155 1156 1239 quidem

142 1246 175 1309 et
203 1248 356 1329 sequente
383 1246 434 1309 die
465 1244 643 1310 tolerabilis
675 1242 769 1308 labor'
798 1241 885 1327 uisus
912 1241 1057 1313 nondum
1083 1247 1156 1309 tam

49 1364 53 1371 ·
142 1334 242 1398 vastis
266 1333 424 1416 nudisque
448 1331 673 1396 solitudinibus
696 1329 804 1413 aditis,
831 1331 896 1394 iam
918 1334 1028 1395 tamen
1051 1332 1156 1397 sterili

90 1438 122 1486 11
143 1424 175 1483 et
197 1421 371 1484 emoriente
393 1422 488 1483 terra
518 1416 581 1482 Sed
602 1421 640 1481 ut
662 1439 813 1500 aperuere
835 1439 868 1481 se
887 1418 992 1502 campi
1010 1419 1077 1483 alto
1096 1420 1155 1484 ob·

141 1507 206 1570 ruti
234 1507 361 1588 sabulo,
391 1505 479 1570 haud
506 1526 596 1568 secus
624 1526 719 1587 quam
744 1505 939 1588 profundum
962 1527 1082 1590 aequor
1104 1507 1156 1572 in·

91 1611 123 1660 ιι
143 1593 246 1678 gressi
267 1555 386 1657 terrain
409 1593 509 1658 oculis
531 1590 744 1678 requirebant.
780 1591 879 1657 Nulla
902 1594 1006 1678 arbor,
1026 1595 1156 1660 nullum

143 1681 221 1745 culti
244 1681 304 1746 soli
326 1681 513 1745 occurrebat
529 1703 584 1746 ves
585 1680 709 1766 tigium.
745 1681 841 1781 Aqua
864 1681 960 1746 etiam
983 1644 1157 1768 defecerat,

123 1791 240 1854 quarn
261 1768 387 1834 utribus
410 1769 523 1834 cameli
545 1771 706 1852 vexerant,
729 1770 791 1832 et
781 1791 816 1832 ιιι
837 1768 926 1834 arido
945 1770 1014 1835 eolo
1033 1790 1072 1834 ac
1089 1770 1155 1835 fer·

91 1875 123 1924 13
142 1857 216 1942 vido
240 1858 352 1922 sabulo
374 1857 466 1922 nulla
489 1860 558 1922 erat
559 1907 566 1921 .
584 1855 657 1930 ,Ad
678 1819 740 1921 hbe
763 1856 812 1921 sol
835 1857 944 1921 omnia
965 1857 1174 1933 incenderat,

89 1965 95 1974 ·
143 1945 288 2029 siccaque
320 1950 353 2009 et
384 1945 498 2009 adusta
529 1947 622 2008 erant
653 1966 725 2027 ora,
755 1967 828 2010 cum
850 1948 988 2027 ‚repente
1009 1962 1060 1992 ·-
1085 1946 1156 2012 sive

142 2032 221 2095 illud
244 2031 376 2097 deorum
399 2055 516 2098 munus
540 2033 606 2096 sive
630 2053 721 2096 casus
742 2033 863 2096 fuit-
885 2033 1042 2098 obductae
1063 2035 1156 2100 caelo

143 2119 437 2185 nubes-condidere
461 2120 711 2203 solem„ingene
734 2123 826 2185 aestu
848 2119 1003 2206 fatigatis,
1025 2121 1158 2188 etiamsi

92 2226 125 2274 14
144 2229 228 2290 aqua
251 2207 406 2290 deficeret,
428 2209 590 2272 auxilium.
621 2206 794 2273 Enimvero
818 2211 855 2272 ut
876 2209 1002 2292 largum
1025 2230 1157 2294 quoque

142 2294 277 2383 imbrem
301 2299 507 2360 excusserunt
528 2295 696 2379 procellae,
718 2318 776 2379 pro
800 2318 834 2360 se
855 2297 989 2380 quisque
1008 2297 1157 2381 excipere
1198 2344 1201 2353 -

144 2405 225 2468 eum,
249 2383 377 2467 quidam
396 2383 438 2448 ob
457 2384 543 2448 sitim
561 2384 742 2467 inpotentes
761 2385 811 2448 sui
830 2405 884 2449 ore
903 2406 1029 2468 quoque
1046 2384 1158 2452 hianti

16 2524 22 2535 .
92 2489 124 2538 ιι
143 2475 273 2555 captare
291 2475 474 2556 coeperunt.
510 2470 729 2547 Quadriduum
752 2493 808 2555 per
829 2475 939 2536 vastas
962 2473 1157 2540 solitudines

142 2561 348 2645 absumptum
382 2564 439 2624 est.
491 2559 623 2643 Iamque
659 2559 745 2624 haud
780 2561 892 2642 procul
924 2561 1044 2640 oraculi
1077 2562 1156 2627 sede

143 2650 285 2731 aberant,
305 2671 378 2713 cum
396 2649 564 2751 conplures
579 2648 667 2713 corvi
681 2647 803 2733 agmini
817 2652 1000 2713 occurrunt·
1023 2648 1156 2716 modico

142 2737 251 2800 volatu
273 2738 378 2820 prima
401 2738 494 2822 signa
517 2736 706 2801 antecedent
691 2739 740 2800 tes
762 2737 831 2817 [et]
844 2736 940 2801 modo
962 2736 1053 2801 humi
1074 2739 1155 2802 resi-

144 2822 271 2906 debant,
294 2845 365 2889 cum
387 2824 508 2888 lentius
531 2844 646 2908 agmen
668 2823 837 2908 incederet,
858 2824 954 2891 modo
978 2846 1011 2890 se
1033 2825 1154 2909 pennis

91 2930 123 2976 ιι
140 2909 293 2973 levabant
320 2909 502 2975 ducentium
520 2913 652 3015 iterque
679 2875 1014 2983 monstrairtiumu
950 2915 1023 2978 rrtu.
1067 2911 1154 2978 Τιιι-
1164 2914 1203 2980 31

143 2998 215 3061 dem
238 2997 279 3061 ad
302 2997 409 3062 sedem
432 2996 650 3064 consecratam
674 3000 732 3064 deo
756 3005 888 3065 ventum
911 3004 969 3065 est.
946 2999 1156 3066 tIncredi-

141 3085 217 3149 bile·
234 3084 335 3169 dictu,
366 3085 416 3148 int
417 3107 451 3148 er
472 3088 580 3150 vastas
604 3088 804 3152 solitudines
815 3088 878 3153 sita
899 3088 1040 3172 undique
1062 3089 1155 3154 amb-

101 3173 283 3239 ientibus
314 3173 412 3237 ramis
438 3172 493 3237 ιιι
524 3172 559 3236 in
585 3175 716 3238 densam
744 3177 891 3240 umbram
922 3176 1055 3261 cadente
1082 3176 1154 3242 sole

142 3263 289 3325 contecta
320 3265 382 3345 est,
413 3261 569 3355 multique
598 3263 706 3328 fontes
733 3263 878 3349 dulcibus
905 3264 997 3366 aquis
1028 3264 1154 3348 passim

91 3370 122 3417 ιι
141 3349 348 3414 manantibus
370 3312 461 3414 alunt
479 3350 585 3415 silvas
622 3349 711 3416 (laeli
729 3373 854 3435 quoque
872 3353 954 3416 ιιιιιι
970 3351 1154 3455 temperies,

141 3459 239 3502 verno
266 3438 371 3521 tepori
397 3438 533 3503 maxime
561 3439 688 3523 similis,
717 3461 828 3504 omnes
851 3441 928 3513 anni
949 3442 1056 3523 partes
1079 3441 1154 3524 pari

74 3546 123 3594 ·18
142 3525 328 3615 salubritate
357 3527 524 3611 percurrit.
568 3528 706 3593 Accolae
738 3527 823 3593 sedis
854 3532 931 3593 sunt
959 3527 1000 3592 ab
1027 3526 1155 3594 oriente
