2422 3892
236 174 491 231 HISTORIARUM
510 172 727 228 ALEXANDRI
744 172 819 242 VIII,
839 173 889 230 13,
900 179 942 228 14.
1027 172 1090 236 221

495 368 575 434 Onr.
598 368 686 433 XIV.

39 496 73 561 l'l
173 494 306 578 Iamque
333 514 449 578 agmen
475 494 510 558 in
536 514 657 557 cornua
685 492 823 556 divisum
852 492 922 576 ipse
948 491 1124 574 ducebat,1

85 606 159 649 cum
176 582 262 647 Poro
284 583 453 646 nuntiatur
480 581 579 644 armis
607 581 747 664 virisque
770 581 876 663 ripam
898 580 1039 645 obtineri
1062 585 1094 643 et

84 693 193 736 rerum
225 670 337 735 adesse
370 670 550 734 discrimen.
598 668 648 732 Ac
678 668 782 752 primo
810 668 944 733 humani
971 668 1095 752 ingenii

84 761 167 824 vitio
192 759 261 842 spei
284 780 361 823 suae
383 757 556 841 indulgens
573 755 735 821 Abisaren
757 756 837 821 belli
855 757 979 821 socium
1002 792 1040 802 —
1062 758 1095 820 et

84 848 133 912 Ita
155 850 406 912 convenerat-
429 845 601 910 adventare
624 844 784 909 credebat.
828 842 905 908 Mox
923 844 1093 929 liquidiore
1112 853 1127 900 2

86 936 157 1000 luce
177 935 340 1018 aperiente
359 935 460 998 aciem
477 932 622 998 hostium
641 949 661 997 c
679 931 852 1017 quadrigas
876 937 909 996 et
927 951 980 996 1111
1002 933 1094 997 milia

87 1024 233 1106 equitum
255 1023 394 1086 venienti
418 1021 543 1104 agmini
561 1020 688 1085 obiecit
732 1018 897 1084 Duxerat
919 1022 1094 1105 copiarum,

85 1107 628 1281 ttttttltttttetttt?
642 1108 910 1260 {ttltdtttt
923 1109 1094 1279 {illicit
1114 1204 1130 1250 ³

85 1286 168 1348 duos
192 1284 390 1368 sagittarios,
412 1284 453 1348 ab
476 1287 612 1368 utroque
631 1283 733 1348 latere
751 1283 940 1366 dispositos:
964 1245 1096 1367 aurigae}

86 1376 181 1437 erant
206 1373 318 1451 ceteri,
344 1371 431 1436 haud
459 1393 536 1436 sane
563 1373 715 1455 inermes,
743 1372 860 1456 quippe
888 1371 995 1436 iacula
1022 1392 1096 1435 oon·

86 1460 194 1544 plura,
216 1461 274 1525 ubi
292 1460 470 1524 comminus
494 1459 717 1542 proeliandum
740 1463 824 1542 erat,
847 1460 976 1524 omissis
999 1458 1096 1523 habe·

86 1549 137 1613 nis
169 1549 204 1612 in
234 1548 363 1613 hostem
394 1548 593 1632 Ingerebant.
643 1546 793 1613 Ceterum
824 1548 879 1612 vix
906 1547 990 1612 ullus
1018 1569 1096 1611 usus

86 1636 183 1701 huius
212 1637 322 1699 auxilii
344 1657 381 1699 eo
410 1634 460 1699 die
482 1635 553 1699 fuit.
597 1633 760 1719 Namque,
790 1638 946 1718 utsupra
973 1635 1131 1700 dinume

86 1727 151 1801 est,
177 1723 281 1787 imber
302 1722 476 1786 violentius
499 1744 597 1807 quam
622 1723 703 1785 alias
726 1722 818 1786 fusus
842 1744 973 1805 campos
995 1722 1096 1786 lubri-

86 1832 142 1876 cos
167 1812 199 1874 et
216 1809 444 1893 inequitabiles
466 1808 588 1873 fecerat
609 1829 788 1893 gravesque
810 1813 843 1873 et
864 1810 1096 1893 propemodum

87 1897 262 1962 inmobiles
294 1918 405 1961 currus
440 1897 561 1960 inluvie
593 1918 631 1961 ac
665 1897 874 1981 voraginibus
910 1897 1097 1962 haerebant.

87 1985 210 2051 Contra
231 1984 414 2049 Alexander
435 1984 585 2068 expedito
609 2006 647 2049 ac
669 1986 732 2049 levi
755 1985 884 2068 angne
903 1989 1032 2050 strenue
1049 1986 1131 2048 in·5

88 2078 198 2139 vectus
222 2077 280 2138 est.
320 2072 462 2156 Scythae
485 2075 519 2137 et
535 2070 647 2137 Dahae
670 2074 768 2156 primi
790 2073 933 2138 omnium
951 2075 1096 2138 invasere

88 2160 199 2245 Indos,
229 2160 414 2226 Perdiccam
441 2161 555 2225 deinde
583 2183 656 2227 oum
688 2161 850 2246 equitibus
881 2161 917 2226 in
948 2162 1097 2227 dextrum
1201 2156 1205 2161 ’

89 2271 188 2315 cornu
205 2249 350 2314 hostium
367 2249 483 2313 emisit.
519 2248 589 2313 Iam
607 2249 746 2334 undique
765 2271 874 2335 pugna
892 2253 1098 2332 semoveret,
1116 2257 1133 2305 6

89 2359 162 2403 oum
188 2338 228 2421 ii,
255 2338 311 2422 qui
337 2358 447 2402 currus
473 2337 626 2422 agebant,
653 2337 733 2401 illud
761 2338 913 2401 ultimum
941 2338 1097 2401 auxilium

89 2447 221 2492 snorum
238 2425 303 2490 rati
322 2425 431 2490 effusis
448 2425 583 2489 habenis
601 2425 637 2488 in
655 2424 796 2489 medinm
816 2423 988 2488 discrimen
1005 2445 1097 2488 ruere

89 2518 271 2598 coeperunt.
319 2513 447 2596 Anceps
469 2513 502 2576 id
525 2513 646 2577 malum
668 2511 814 2595 utrisque
835 2513 913 2574 erat.
956 2510 1043 2576 Nam
1065 2515 1132 2574 eta

88 2600 300 2666 Macedonum
322 2601 448 2683 pedites
470 2600 575 2682 primo
598 2600 722 2682 impetu
741 2598 972 2663 obterebantur
990 2602 1024 2663 et
1040 2621 1098 2682 per

89 2688 216 2753 lubrica
239 2692 336 2768 atque
358 2688 448 2751 invia
470 2686 598 2751 inmissi
620 2707 733 2751 currus
758 2685 965 2750 excutiebant
987 2707 1055 2770 eos,
1079 2709 1098 2751 a

91 2776 208 2859 quibus
226 2775 436 2858 regebantur:
460 2773 598 2838 aliorum
620 2773 743 2838 turbati
766 2774 840 2858 eqni
862 2794 927 2838 non
949 2774 984 2838 in
1006 2770 1097 2840 vora·
1116 2783 1132 2832 8

90 2864 183 2949 gines
206 2863 302 2937 modo
325 2863 533 2945 lamnasque,
561 2861 616 2926 sed
643 2862 741 2926 etiam
767 2862 802 2925 in
825 2883 953 2926 amnem
974 2862 1096 2946 praeei-

89 2952 234 3035 pitavere
257 2950 424 3015 curricula
469 2948 569 3014 Pauci
595 2949 670 3014 telis
697 2949 841 3014 hostium
869 2951 975 3015 exacti
1002 2959 1131 3035 pene-9

39 3040 80 3104 48
90 3045 217 3105 travere
241 3039 282 3104 ad
303 3037 427 3104 Porum
454 3037 607 3102 acerrime
633 3057 777 3122 pugnam
799 3037 946 3103 cientem.
988 3038 1035 3120 Is,
1062 3043 1099 3102 ut

90 3128 265 3211 dissipatos
288 3130 359 3191 tota
378 3126 444 3191 acie
463 3146 574 3189 currus
591 3127 704 3209 vagari
722 3127 792 3190 sine
810 3127 989 3190 rectoribus
1007 3125 1097 3210 vidit,

90 3216 246 3299 proximis
279 3215 457 3279 amicorum
489 3213 655 3277 distribuit
687 3213 884 3296 elephantos.
935 3212 1016 3277 Post
1042 3224 1149 3278 coslo

90 3309 244 3386 posuerat
274 3301 414 3387 peditem
447 3322 484 3366 ao
516 3301 705 3387 sagittarios
731 3305 761 3366 ct
786 3305 939 3384 tympana
969 3301 1097 3384 pulsare

91 3389 219 3454 solitos:
241 3390 274 3453 id
290 3411 350 3472 pro
369 3392 466 3456 cantu
482 3389 634 3454 tubarum
651 3387 740 3457 Indis
759 3391 838 3453 erat.
872 3387 941 3454 Nec
960 3390 1098 3471 strepitu

91 3500 201 3542 eorum
233 3479 460 3559 movebantur,
491 3477 570 3543 olim
602 3478 642 3542 ad
673 3479 788 3541 notum
819 3497 940 3541 sonum
967 3477 1110 3538 auribus

90 3565 259 3649 mitigatis,
297 3565 448 3633 Herculis
474 3565 692 3635 simulacrum
714 3564 849 3652 agmini
861 3563 1024 3646 pennum
1034 3573 1134 3635 hm*
1150 3559 1194 3598 ³³
