2422 3892
141 168 205 226 242
514 164 545 230 Q.
564 163 675 218 CURTI
693 163 780 218 RUFI

95 323 120 368 o
141 332 227 372 mum
246 309 368 393 recepit
386 312 419 373 ot
437 309 681 373 circumstantes
699 308 808 391 coepit
825 307 1030 392 adgnoscere.
1066 307 1154 374 Toto

141 420 177 459 eo
205 399 255 460 die
284 420 320 462 ac
348 402 454 478 nocte,
482 418 563 480 quae
590 399 701 461 secuta
728 398 789 479 est,
818 398 962 460 armatus
991 397 1153 462 exercitus

142 489 261 567 regiam
286 485 413 550 obsedit
435 485 616 568 confessus,
639 505 750 548 omncs
772 483 867 548 unius
891 484 1009 568 spiritu
1032 483 1152 550 vivere.

142 575 208 636 Nec
241 575 328 654 prius
361 576 574 656 recesserunt,
606 593 703 656 quam
735 575 922 655 conpertum
953 576 1004 636 ast
1035 592 1152 637 somno

141 665 302 744 paulisper
332 662 544 744 adquiescere.
593 659 680 725 Hinc
707 662 881 725 'certiorem
914 681 1005 744 spem
1032 660 1151 725 salutis

105 777 107 781 ¹
140 753 207 812 eius
232 752 264 811 iu
289 757 395 813 castra
418 749 620 813 rettulerunt.

563 903 644 971 One.
671 905 725 970 VI.

108 1025 118 1070 r
232 1014 295 1076 llox
324 1032 373 1078 vn
402 1012 513 1077 diebus
541 1016 652 1078 curato
683 1012 814 1094 vulnera
843 1012 980 1076 necdum
1010 1011 1152 1076 obducta
1160 1015 1202 1080 23

142 1104 304 1181 cicatrice,
339 1125 411 1166 cum
448 1101 591 1166 audisset
627 1100 830 1165 convaluisse
866 1101 951 1183 apud
991 1100 1151 1165 barbaros

142 1197 257 1252 lancos
286 1193 398 1254 mortis
423 1212 513 1270 suae,
540 1188 664 1254 duobus
686 1188 827 1272 navigiis
850 1187 968 1252 iunctis
992 1188 1095 1252 statui
1116 1189 1152 1253 in

144 1285 280 1341 nullasu
310 1280 448 1360 undique
470 1279 679 1361 conspicuum
705 1277 950 1341 tabernaculum
972 1276 1083 1359 iussit,
1112 1298 1151 1341 ax

142 1394 202 1449 sp...
234 1392 266 1425 se
291 1367 475 1429 ostenderet
501 1367 623 1448 perisse
650 1365 869 1429 credentibus:
897 1368 1150 1449 conspectusque

142 1476 180 1516 al·
222 1458 318 1516 oculis
345 1476 434 1535 spem
461 1454 606 1518 hostium
633 1453 717 1516 falso
744 1452 858 1517 nuntio
886 1456 1074 1536 conceptam
1102 1453 1151 1518 in·

108 1547 184 1602 alni
213 1563 255 1601 ιι.
305 1541 449 1605 Secundo
487 1542 602 1605 deinde
637 1562 731 1604 amne
763 1539 909 1628 defluxit,
946 1541 1151 1625 aliquantum

142 1633 183 1692 in:
212 1631 301 1691 tolli
327 1652 346 1692 a
369 1633 477 1694 cetera
499 1630 603 1695 classe
624 1628 838 1714 praecipiens,
865 1650 906 1693 ne
934 1629 1024 1714 quies
1046 1629 1152 1714 parin-

143 1722 245 1780 vallio
272 1719 374 1782 arluc
397 1719 580 1784 necessaria
601 1718 698 1803 pulsu
718 1739 881 1782 remorum
902 1717 1111 1801 inpediretur.

108 1819 122 1865 a
233 1818 367 1889 luitardo,
388 1813 562 1891 postquam
579 1808 735 1891 navigare
753 1808 915 1890 coeperat,
933 1805 985 1871 die
1002 1807 1152 1888 pervenit

143 1899 172 1957 in
197 1918 358 1967 apionem
379 1894 539 1957 desertam
558 1897 687 1977 quidem
705 1895 895 1972 acb-incolis,
914 1893 969 1958 sed
987 1894 1151 1959 frumento

143 2000 168 2045 ar
233 1984 360 2044 roribus
380 1982 606 2046 abundantem.
642 1981 767 2045 Placuit
784 1981 813 2044 is
836 1981 925 2045 locus
945 1984 978 2046 et
995 1981 1036 2046 ad
1058 2005 1153 2048 suam

108 2083 122 2126 c
143 2083 171 2130 cr
191 2072 226 2129 ...Ι
247 2071 383 2130 rnilitum
399 2070 551 2150 requiem.
583 2069 656 2132 Mos
670 2072 741 2132 arat
758 2068 957 2151 principibus
974 2071 1153 2135 amicorum

141 2171 169 2218 el
197 2157 383 2219 casualibus
404 2157 547 2238 corporis
567 2157 723 2221 excubare
742 2159 816 2219 ante
839 2157 1052 2241 praetorium,
1074 2179 1152 2242 quo·

144 2259 224 2305 lons
250 2245 383 2307 adversa
406 2244 476 2328 regi
497 2243 642 2327 valitudo
665 2243 840 2308 incidisset
884 2243 956 2312 Hoc
977 2249 1049 2311 tum
1074 2269 1152 2331 quo-

143 2365 158 2399 r.
188 2362 201 2387 ι’
240 2356 341 2416 urpre,
359 2339 487 2397 servato
521 2331 665 2397 universi
698 2331 881 2396 cubiculum
912 2333 981 2397 eins
1019 2335 1154 2402 intrant

51 2459 54 2462 -
108 2434 121 2478 s
146 2423 201 2483 lle
222 2423 389 2497 sollicitus,
407 2443 447 2486 ne
466 2420 544 2505 qnid
562 2421 638 2485 novi
657 2419 829 2502 adferrent,
848 2419 924 2502 quia
941 2419 1039 2484 simul
1057 2444 1154 2488 vene·

144 2525 228 2579 rant,
268 2514 486 2592 percontatur,
518 2529 595 2572 num
624 2507 769 2572 hostium
800 2527 915 2590 repens
945 2507 1170 2581 nuntiaretur.

109 2613 120 2652 o
143 2602 307 2661 lit-rpus.
348 2599 393 2660 At
416 2595 582 2677 Craterus,
609 2595 661 2661 cui
683 2594 871 2659 mandatnm
894 2599 978 2679 orat,
1009 2599 1046 2661 ut
1073 2600 1202 2666 ami-24

142 2711 249 2748 ercam
289 2707 397 2767 preces
429 2685 586 2768 perferret
619 2683 660 2747 ad
691 2705 777 2767 eum,
814 2681 1001 2769 ‘Credisne',
1037 2685 1152 2772 inquit,

142 2775 294 2834 ‘rur-utu
332 2772 435 2854 magis
472 2771 615 2836 hostium
652 2808 690 2818 —
720 2777 758 2836 nt
788 2772 854 2836 iam
890 2773 924 2837 in
959 2773 1045 2838 vallo
1078 2797 1153 2840 con-

143 2869 293 2920 sisto-ont
328 2895 363 2904 -
400 2860 557 2924 sollicitos
589 2881 645 2925 nos
678 2882 761 2942 esse,
797 2882 894 2943 qnam
927 2883 1004 2926 cura
1036 2863 1151 2928 salutis

108 2959 120 3004 l
143 2965 227 3012 ruse,
254 2959 287 3008 ut
307 2969 392 3011 nunc
411 2953 474 3031 est,
492 2949 553 3012 tibi
572 2947 670 3012 vilis?
708 2947 922 3024 Quantalibet
940 2951 989 3014 vis
1008 2952 1152 3016 omnium

142 3038 285 3111 prinmo
303 3037 465 3117 conspiret
482 3037 517 3099 in
533 3058 607 3121 nos,
624 3037 748 3120 inpleat
767 3037 866 3102 armis
883 3039 1027 3121 virisque
1045 3042 1152 3104 totum

143 3133 263 3196 ortana,
292 3126 448 3189 classibus
477 3125 580 3188 maria
608 3129 804 3204 consternat,
832 3125 1016 3191 invisitatas
1039 3127 1152 3191 beluas

108 3234 121 3267 a
145 3216 283 3276 intucor:
309 3224 344 3277 tu
368 3236 427 3278 nos
450 3213 631 3295 praestabis
653 3215 800 3279 invictos.
842 3213 904 3279 Sed
928 3215 999 3300 quis
1020 3215 1153 3280 deornm

144 3303 200 3361 lun·
238 3303 442 3365 llacedoniae
478 3303 629 3367 columen
665 3323 703 3367 ac
738 3301 825 3366 sidus
863 3301 1049 3367 diuturnum
1084 3303 1153 3369 fors

130 3391 284 3468 polliceri
311 3395 437 3476 potest,
468 3412 541 3456 cnm
572 3396 637 3453 tam
667 3390 759 3454 avide
790 3389 971 3454 manifestis
1001 3392 1154 3475 periculis

116 3488 240 3543 orturus
273 3504 409 3568 corpuS,
443 3483 572 3551 oblitus
599 3481 653 3547 tot
679 3478 802 3544 ciuium
825 3477 952 3540 ammas
972 3479 1103 3542 trabere
1122 3485 1156 3543 tc

64 3581 80 3615 a
100 3589 134 3628 ru
169 3573 319 3640 casum?
365 3575 453 3654 Quis
488 3575 585 3642 enim
611 3570 682 3639 tibi
707 3567 877 3651 superstes
902 3565 964 3624 aut
987 3566 1084 3641 optat
1107 3583 1179 3622 essa
