2422 3892
125 182 190 247 276
500 185 532 249 Q.
551 183 662 238 hunsl
679 183 767 238 RUFI

89 342 260 445 agravata
287 329 418 392 luctum.
465 326 511 392 Et
536 325 702 411 Perdicca,
731 325 829 428 Ego
839 327 1000 411 quidem?
1028 329 1152 416 inquit,

125 415 283 500 anulum,
305 438 368 500 quo
391 416 446 480 ille
468 415 561 499 regni
584 418 680 499 atque
702 414 831 498 imperii
853 416 938 481 vires
965 416 1151 502 obsignare

16 524 17 531 ¹
90 517 106 564 c
126 510 196 570 erat
214 505 341 588 solitus,
358 503 515 569 traditum
534 502 604 567 ab
594 523 665 585 rpso
684 503 774 586 mihi,
792 502 890 568 reddo
910 504 1017 571 vobis.
1052 503 1148 572 Oete

125 617 198 658 rum
218 614 412 678 quamquam
429 592 520 656 nulla
543 590 650 656 clades
676 591 764 673 huic,
787 613 851 676 qua
874 591 998 657 adfecti
1020 615 1147 696 smnus,

125 704 185 767 par
211 681 290 747 ab
281 685 345 745 rrat
345 681 374 744 is
331 680 451 745 tdis
480 678 657 764 excogitari
679 683 802 763 potest,
837 683 948 746 tamen
977 683 1145 768 magnitu-

125 769 231 834 dinem
267 790 388 851 rerum,
425 790 505 852 quas
541 769 621 852 egit,
657 767 858 833 intuentibus
891 768 1021 834 credere
1058 771 1147 857 licet,

126 861 253 923 tantum
289 856 394 921 virum
431 856 507 922 deos
545 855 808 921 adcommodasse
844 856 941 922 rebus
978 857 1144 943 humanis,

126 966 261 1029 quarum
285 949 372 1010 sorte
391 944 540 1028 conpleta
559 944 624 1009 cito
642 949 827 1028 repeterent
846 966 919 1009 eum
937 966 1016 1011 suae
1037 911 1144 1032 stirpi

91 1045 106 1092 ι
125 1033 265 1099 Proinde
284 1033 437 1117 quoniam
454 1033 537 1097 nihil
555 1031 644 1097 aliud
661 1054 699 1097 ex
715 1055 753 1098 eo
768 1037 924 1117 superest,
925 1054 1043 1137 quam
1058 1036 1144 1138 quod

127 1143 255 1206 semper
277 1122 318 1186 ab
340 1121 588 1188 immortalitate
607 1120 782 1202 seducitur,
806 1122 934 1205 corpori
951 1123 1144 1223 nominique

127 1232 224 1295 quam
256 1210 397 1294 primum
428 1210 515 1274 iusta
546 1209 723 1292 solvamus,
754 1208 841 1274 haud
872 1209 981 1293 obliti,
1011 1210 1051 1276 ιιι
1080 1235 1144 1296 qua

127 1299 248 1382 urbe,
239 1303 288 1363 mt
289 1321 323 1364 er
342 1319 423 1383 quos
443 1297 551 1379 simus,
576 1297 666 1381 quali
683 1259 829 1380 praeside
848 1319 885 1363 ac
902 1260 981 1382 rege'
997 1301 1144 1382 spoliata

92 1396 109 1444 s
128 1386 226 1452 Tract
228 1387 345 1452 andum
361 1390 419 1468 est,
434 1384 592 1451 commilit
578 1391 671 1449 tones
671 1385 783 1469 cogit
785 1386 974 1471 undamque,
989 1390 1028 1452 ut
1041 1389 1144 1455 victo

127 1475 210 1538 riam
238 1474 395 1558 partam
386 1477 434 1536 mt
436 1495 469 1536 er
420 1473 565 1554 t,hos
591 1472 765 1556 dequibus
788 1477 882 1557 parta
904 1475 1142 1555 est,obtinere

127 1561 299 1646 possimus.
336 1559 449 1644 Capite
474 1582 553 1643 opus
576 1563 640 1625 est:
612 1560 778 1625 thocine
797 1583 860 1626 uno
879 1584 921 1626 an
932 1524 1116 1651 placebas,
1105 1587 1143 1630 m

127 1654 235 1716 vestra
266 1653 428 1735 potestate
461 1654 519 1713 est
563 1647 650 1712 Illud
678 1649 759 1714 scire
791 1650 898 1715 debet
873 1655 930 1733 trs,
961 1615 1144 1719 militaiem

127 1739 197 1804 sine
230 1739 310 1804 duee
341 1740 472 1803 turbam
504 1759 619 1821 corpus
651 1758 722 1802 esse
755 1738 824 1803 sine
855 1700 980 1822 spiritu.
1021 1736 1144 1806 Sextus

128 1828 249 1893 mensis
270 1831 333 1912 est,
356 1849 393 1891 ex
417 1848 479 1910 quo
503 1825 636 1891 Roxane
663 1846 844 1910 praegnans
868 1830 926 1891 est
971 1825 1145 1915 Optamus,

92 1925 108 1972 9
128 1919 165 1979 ut
188 1937 310 1980 marem
333 1915 386 1978 eni
387 1918 482 1978 t.atur
522 1912 707 1978 Ηιιιιιισ
649 1935 707 1977 reo
685 1936 785 1998 „num
808 1913 858 1979 dis
881 1881 1145 1999 adprobantibus

127 2003 178 2065 fut
164 2007 282 2082 t‚urum
305 2000 495 2152 quandoque
523 2000 707 2066 adoleverit
741 2000 877 2066 Interim
896 2025 915 2066 a
934 2003 1052 2087 quibus
1070 2006 1192 2098 regi20

77 2101 110 2148 ιο
128 2088 245 2172 velitis,
263 2052 345 2153 dest
322 2091 434 2152 trntea.
435 2087 566 2152 'Haec
581 2088 740 2155 Perdicca.
772 2090 855 2155 Tum
868 2089 1046 2176 Nearchus,
1064 2093 1144 2160 Αιι

128 2139 245 2242 xandri
270 2176 366 2241 modo
394 2176 584 2258 sanguinem
612 2199 649 2242 ac
678 2179 811 2279 stirpem
838 2180 948 2265 regiae
972 2180 1144 2249 maiestati

77 2277 107 2324 ιι
129 2265 313 2350 convenire,
347 2263 507 2329 neminem
541 2265 587 2330 ait
617 2287 714 2349 posse
746 2266 871 2332 mirari:
912 2273 1055 2334 ceterum
1089 2293 1143 2336 ex-

128 2355 253 2439 pectari
279 2354 422 2419 nondum
450 2358 557 2418 ortum
584 2373 695 2436 regem
723 2358 768 2437 et,
797 2356 852 2438 qui
876 2356 940 2420 iam
964 2356 1020 2439 sit,
1048 2380 1142 2441 prae·

125 2444 229 2525 teriri,
256 2462 316 2506 nec
339 2444 455 2505 animis
478 2443 690 2505 Macedonum
714 2445 884 2508 convenire
907 2464 967 2508 nec
989 2447 1140 2529 tempori.

125 2492 246 2594 Veruin
284 2551 353 2595 esse
390 2551 407 2593 e
439 2528 576 2613 Barsine
607 2530 713 2594 filium
743 2531 844 2614 regis:
881 2531 957 2596 huic
989 2530 1141 2598 diadema

74 2624 106 2672 ιι
127 2612 276 2677 dandum.
325 2611 418 2677 Nulli
441 2607 603 2695 placebat
639 2616 710 2676 orat
711 2612 752 2676 io.
804 2611 918 2698 Itaque
955 2636 1013 2680 suo
1048 2638 1139 2682 more

126 2701 230 2765 hastis
255 2703 345 2765 scuta
366 2698 547 2784 quatientes
566 2700 753 2784 obstrepere
771 2702 1067 2785 perseverabants
1057 2727 1139 2769 ram·

126 2809 188 2871 que
215 2810 315 2871 prope
345 2788 384 2852 ad
411 2788 504 2852 sedit
480 2792 601 2853 tronem
625 2794 839 2871 pervenerant
860 2787 1009 2857 Nearcho
1032 2793 1139 2875 pervi-

74 2888 106 2936 13
127 2875 233 2939 cacius
260 2879 371 2940 tuente
399 2880 471 2939 sent
473 2879 527 2940 ent
528 2877 602 2940 iam.
652 2875 735 2940 Turn
762 2876 980 2962 Pt,olemaeus
1012 2878 1140 2966 Digna

126 2984 258 3064 prorsus
278 2966 327 3026 est
313 2963 501 3044 tsuboles,'
525 2964 667 3047 inquit,
670 2987 751 3049 quae
769 2930 982 3032 Macedonuni
1001 2967 1140 3052 imperet

125 3056 230 3137 genti,
190 3049 406 3116 trRoxanes
430 3050 481 3115 vel
506 3050 661 3116 Barsinae
684 3053 785 3137 filius,
809 3055 898 3119 cuius
920 3077 1039 3121 nomen
1062 3079 1139 3140 quo

126 3162 186 3222 que
204 3103 370 3223 Eluropam
394 3139 496 3204 dicere
519 3140 658 3240 pigebit,
686 3142 808 3206 maiore
832 3147 985 3226 exparte
1009 3146 1139 3228 captivi.

74 3227 414 3309 14Est‚curPersas
437 3228 618 3313 vicerimus,
639 3234 676 3294 ut
698 3230 792 3313 stirpi
815 3251 926 3295 eorum
950 3233 1139 3318 serviamus,

126 3278 239 3399 quod'
229 3321 296 3381 rust
297 3341 308 3381 1
282 3318 377 3382 tilli
395 3337 489 3402 reges
507 3279 632 3382 Daretis
651 3321 684 3382 et
670 3317 848 3382 tXerxest
834 3322 885 3384 tot
898 3318 1024 3386 milium
1037 3322 1138 3406 agmi-

73 3416 105 3464 15
125 3405 219 3468 nibus
246 3405 330 3468 tant
320 3427 411 3488 reque
438 3406 597 3470 classibus
619 3406 813 3489 nequiquam
835 3406 1028 3512 petiverunt
1064 3409 1139 3474 Mea

125 3497 197 3558 sent
198 3496 252 3558 ent
253 3494 285 3557 ia
238 3493 386 3557 thaec
409 3499 472 3578 est,
494 3497 531 3558 ut
554 3494 629 3559 sede
651 3494 861 3559 Alexandri
851 3519 886 3560 ιιι
908 3497 1041 3582 regiap
1044 3498 1139 3582 osita,

125 3583 178 3659 qui
212 3581 356 3648 consiliis
389 3580 456 3647 eius
490 3581 739 3667 adhibebantur,
772 3587 898 3668 coeant,
930 3587 1114 3670 quotiens
1100 3607 1138 3652 ιιι
