2422 3892
302 156 556 211 HISTORIARUM
574 156 789 211 ALEXANDRI
807 156 886 224 VIII,
907 163 930 213 1.
1057 156 1119 221 187

113 299 293 364 instituisse
326 299 484 384 Graecos,
517 299 603 384 quod
634 300 777 383 tropaeis
809 320 922 384 regum
954 299 1122 363 dumtaxat

113 388 246 451 nomina
278 388 510 471 inscriberent,
547 389 651 452 alieno
683 387 769 451 enim
806 388 962 470 sanguine
993 390 1122 470 partam

116 474 255 557 gloriam
278 476 435 560 intercipi.
480 474 594 559 Itaque
613 498 678 559 rex,
701 497 773 541 oum
793 475 1008 558 suspicaretur
1031 475 1122 537 mali-

114 562 208 645 gnius
239 563 388 628 habitum
419 585 490 630 esse
523 585 715 648 sermonem,
746 563 931 646 percontari
958 562 1121 647 proximos

114 650 229 734 coepit,
252 651 328 735 quid
351 673 389 715 ex
412 650 497 716 clito
522 651 694 718 audissent.
739 651 784 716 Et
805 651 873 715 illis
897 651 938 715 ad
960 650 1120 715 silendum
1139 662 1174 710 33

115 738 287 803 obstinatis
311 737 417 803 Clitus
445 739 604 823 paulatim
630 740 752 804 maiore
780 760 859 804 voce
881 737 1026 821 Philippi
1049 740 1123 802 acta

113 826 261 910 bellaque
289 827 323 891 in
345 826 481 892 Graecia
508 831 601 911 gesta
623 829 868 909 commemorat,
896 827 1005 891 omnia
1030 847 1121 909 prae·

113 915 257 979 sentibus
275 915 470 998 praeferens.
506 915 591 978 Hinc
609 915 694 979 inter
712 915 854 979 iuniores
873 935 1027 998 senesque
1047 916 1119 978 orta
1139 927 1172 975 31

113 1003 279 1067 contentio
311 1006 372 1066 est:
405 1006 438 1065 et
468 1024 539 1084 rex,
571 1002 661 1067 velut
687 1004 849 1085 patienter
880 1001 1016 1086 audiret,
1049 1003 1121 1084 quis

113 1087 218 1153 Clitus
234 1089 404 1153 obterebat
422 1089 533 1153 laudes
553 1090 630 1174 eius,
647 1091 813 1174 ingentem
826 1090 908 1153 iram
923 1092 1122 1172 conceperat.

114 1174 264 1240 Ceterum
291 1198 363 1240 cum
392 1177 498 1240 animo
526 1177 688 1241 videretur
713 1178 940 1260 imperaturus,
969 1178 997 1240 si
1023 1177 1121 1240 finem
1140 1189 1173 1237 32

113 1264 294 1346 procaciter
317 1267 389 1329 orto
413 1264 553 1328 sermoni
576 1263 681 1329 Clitus
704 1265 883 1348 inponeret,
905 1263 990 1327 nihil
1012 1285 1049 1327 eo
1073 1285 1121 1326 re·

113 1351 266 1416 mittente
294 1352 398 1435 magis
426 1353 685 1435 exasperabatur.
729 1352 862 1435 Iamque
890 1349 993 1415 clitus
1022 1351 1120 1414 etiam
1139 1363 1173 1411 33

113 1438 359 1504 Parmenionem
383 1440 550 1505 defendere
574 1441 714 1505 audebat
737 1444 769 1504 et
790 1439 936 1522 Philippi
959 1439 997 1503 de
1020 1438 1120 1502 Athe·

113 1528 278 1592 niensibus
295 1528 465 1593 victoriam
484 1527 669 1593 Thebarum
686 1528 890 1611 praeferebat
906 1527 1038 1611 excidio,
1055 1548 1122 1591 non

113 1615 188 1679 vino
216 1615 325 1698 modo,
356 1616 412 1680 sed
439 1616 537 1680 etiam
565 1617 665 1680 animi
691 1638 794 1698 prava
820 1616 1025 1680 contentione
1048 1636 1121 1697 pro·

113 1705 233 1766 vectus.
268 1702 321 1766 Ad
339 1704 503 1786 ultimum,
526 1700 573 1767 ‘Si
591 1701 813 1785 moriendum',
835 1703 953 1784 inquit,
976 1701 1038 1766 ‘est
1060 1723 1119 1785 pro
1140 1713 1175 1762 34

113 1793 155 1871 33,
175 1788 279 1854 Clitus
299 1793 349 1853 est
366 1789 503 1872 primus:
527 1792 562 1853 at
583 1811 656 1854 oum
676 1790 832 1854 victoriae
851 1789 1021 1853 arbitrium
1041 1789 1122 1872 agis,

113 1877 322 1960 praecipuum
344 1876 453 1940 ferunt
475 1877 667 1960 praemium,
692 1877 748 1961 qui
769 1876 996 1960 procacissime
1018 1877 1121 1958 patris

113 1965 162 2027 tui
185 1964 359 2028 memoriae
378 1964 536 2029 inludunt.
577 1963 774 2048 Sogdianam
793 1965 956 2048 regionem
974 1965 1056 2028 mihi
1075 1968 1121 2028 at·
1140 1975 1174 2024 33

114 2053 242 2133 tribuis,
266 2052 387 2117 totiens
410 2052 563 2117 rebellem
587 2055 620 2116 et
640 2075 706 2118 non
727 2052 823 2118 modo
841 2053 1043 2136 indomitam,
1065 2052 1121 2117 sed

113 2161 195 2224 quae
213 2161 253 2204 ne
273 2141 379 2224 subigi
399 2141 527 2225 quidem
543 2141 656 2224 possit
697 2139 812 2207 Mittor
835 2141 877 2206 ad
893 2141 979 2205 feras
998 2141 1121 2205 bestias

113 2226 306 2311 praecipitia
322 2228 453 2312 ingenia
471 2231 610 2294 sortitas.
643 2227 714 2307 Sed,
732 2250 812 2313 quae
832 2228 873 2292 ad
886 2250 938 2293 me
951 2229 1122 2312 pertinent,

113 2319 253 2380 transeo.
306 2315 450 2400 Philippi
482 2317 603 2381 milites
638 2317 777 2401 spernis,
809 2317 944 2399 oblitus,
974 2316 1038 2379 nisi
1068 2315 1174 2379 131333

114 2402 285 2468 Atharrias
318 2425 415 2469 senex
445 2403 587 2469 iuniores
618 2424 760 2488 pugnam
789 2403 1004 2468 detrectantes
1032 2423 1119 2465 revo-

112 2495 229 2576 casset,
252 2492 356 2557 adhue
371 2514 432 2557 nos
451 2492 536 2558 circa
552 2491 817 2556 Halicarnassum
838 2490 994 2554 haesuros
1012 2489 1122 2554 fuisse.

113 2578 282 2654 Quomodo
296 2580 395 2664 igitur
408 2580 522 2643 Asiam
537 2578 635 2643 etiam
650 2600 722 2643 cum
735 2578 809 2642 istis
823 2577 1002 2641 iunioribus
1017 2576 1122 2640 subie-
1140 2589 1174 2639 37

113 2665 211 2729 cisti?
256 2665 377 2729 Verum
401 2669 464 2749 est,
490 2670 527 2729 ut
549 2665 677 2748 opinor,
705 2664 790 2748 quod
813 2665 1006 2729 avunculum
1029 2667 1122 2728 tuum
1167 2705 1169 2707 -

114 2753 149 2815 in
170 2751 268 2816 Italia
290 2751 407 2816 dixisse
431 2755 572 2830 constat,
599 2752 705 2834 ipsum
732 2753 766 2816 in
788 2751 875 2816 viros
897 2751 1064 2835 incidisse,
1089 2755 1121 2816 te

77 2839 148 2906 bin
169 2837 327 2903 feminas?
371 2837 462 2904 Nihil
489 2861 528 2904 ex
555 2839 703 2904 omnibus
730 2840 909 2904 inconsulte
937 2861 975 2905 ac
1001 2843 1122 2904 temere
1140 2853 1175 2901 33

114 2927 208 2992 iactis
236 2947 345 3012 regem
368 2928 474 3012 magis
497 2930 654 3009 moverat,
682 2949 778 3012 quam
801 2927 1024 2993 Parmenionis
1049 2949 1122 2992 cum

112 3015 236 3081 honore
268 3015 389 3082 mentio
421 3017 531 3082 inlata.
580 3014 735 3081 Dolorem
767 3019 879 3081 tamen
909 3039 965 3081 rex
993 3017 1122 3099 pressit,

113 3108 283 3169 contentus
311 3105 457 3189 iussisse,
484 3108 521 3169 ut
548 3105 694 3169 convivio
721 3103 897 3168 excederet.
942 3101 1012 3168 Nec
1035 3105 1122 3188 quic·
1140 3116 1174 3164 33

114 3213 211 3275 quam
235 3193 322 3257 aliud
344 3194 463 3258 adiecit
485 3214 581 3276 quam
602 3192 740 3257 forsitan
762 3213 847 3275 eum,
875 3192 903 3255 si
931 3191 1052 3255 diutius
1076 3191 1121 3256 lo·

112 3283 205 3344 cutus
228 3279 322 3364 foret,
345 3281 612 3364 exprobraturum
636 3280 701 3344 sibi
722 3279 821 3344 fixisse
847 3279 947 3343 vitam
970 3283 1123 3344 asemet-

112 3367 184 3449 ipso
208 3367 331 3432 datam:
356 3368 418 3432 hoc
442 3369 527 3433 enim
550 3369 687 3452 superbe
710 3389 805 3450 saepe
828 3367 974 3432 iactasse.
1014 3366 1121 3451 Atque
1140 3379 1174 3427 43

113 3453 207 3518 illum
226 3459 431 3521 cunctantem
451 3456 553 3521 adhuc
567 3477 708 3540 surgere,
732 3455 789 3539 qui
801 3454 947 3538 proximi
960 3455 996 3516 ei
1010 3456 1132 3515 cubue-

110 3547 197 3626 rant,
227 3543 356 3608 iniectis
387 3544 541 3612 manibus
574 3544 750 3632 iurgantes
783 3544 1034 3619 monentesque
1059 3551 1161 3592 caua-
