2422 3892
269 173 521 229 HISTORIARUM
539 172 753 228 ALEXANDRI
770 173 845 244 VIII,
865 180 906 228 14.
1028 174 1093 237 225

86 322 165 402 tate,
189 341 285 403 quam
307 319 537 402 interrogando
560 317 676 383 fecisti.
710 317 882 382 Neminem
907 339 959 382 me
981 317 1093 382 fortio-

84 429 153 471 rem
176 429 245 472 esse
269 408 446 473 censebam.
491 405 581 470 Meas
605 405 689 470 enim
712 428 866 470 noveram
889 406 987 488 vires,
1013 426 1093 469 non·
1111 418 1146 467 48

85 496 161 559 dum
193 497 343 579 expertus
375 499 463 559 tuas:
503 494 672 558 fortiorem
705 515 774 559 esse
810 497 844 559 te
875 493 954 558 belli
985 493 1095 558 docuit

86 587 227 647 eventus.
268 582 330 648 Sed
351 605 392 647 ne
415 583 462 647 sic
486 581 615 665 quidem
636 604 752 665 parum
774 582 853 646 felix
874 604 959 666 sum,
983 602 1094 645 secun-

85 671 144 735 dus
172 670 260 736 tibi'.
310 670 435 736 Rursus
467 670 699 752 interrogatus,
731 669 808 754 quid
839 670 910 753 ipse
936 669 1094 734 victorem

86 761 228 824 statuere
246 759 361 823 debere
380 761 538 841 censeret,
562 756 670 833 ‘Quod
688 755 766 840 hic'‚
789 758 906 841 inquit,
930 757 1013 822 ‘dies
1032 757 1095 821 tibi

86 848 211 930 suadet,
235 868 297 931 quo
322 850 471 931 expertus
495 868 543 929 es,
565 867 662 931 quam
683 845 803 910 caduca
824 845 963 910 felicitas
987 843 1094 910 esset'

85 935 162 999 Plus
181 935 338 999 monendo
357 934 509 1018 profecit,
528 934 670 1017 quamsi
689 937 837 1016 precatus
857 938 955 999 essct:
976 934 1094 1018 quippe
1113 943 1147 993 44

85 1023 343 1106 magnitudinem
380 1022 481 1085 animi
513 1021 580 1085 eius
612 1021 793 1085 interritam
824 1043 861 1086 aa
891 1044 932 1086 ne
963 1022 1095 1086 fortuna

87 1110 215 1193 quidem
241 1110 412 1173 infractam
439 1131 505 1173 non
527 1108 748 1173 misericordia
775 1108 870 1173 modo
877 1158 886 1191 ‚
916 1110 1094 1174 sedetiam

85 1196 207 1261 honore
235 1199 378 1280 excipere
406 1197 557 1297 dignatus
586 1199 643 1260 est.
688 1196 833 1281 Aegrum
861 1198 986 1261 curavit
1008 1197 1094 1261 haud
1113 1207 1147 1257 45

87 1305 187 1367 secus,
205 1306 301 1386 quam
320 1285 348 1349 si
365 1306 425 1369 pro
444 1285 515 1385 ipsc
534 1288 723 1368 pugnasset.
743 1285 968 1349 confirmatum
982 1287 1095 1350 contra

86 1394 176 1456 spem
209 1374 353 1437 omnium
384 1374 419 1438 in
451 1373 627 1437 amicorum
656 1393 827 1436 numerum
854 1373 988 1455 recepit,
1019 1392 1095 1436 mox

86 1461 220 1525 donavit
259 1462 415 1563 ampliore
451 1480 566 1544 regno,
607 1481 704 1544 quam
740 1460 853 1524 tenuit.
911 1460 980 1526 Nec
1017 1482 1093 1525 sane
1113 1470 1148 1522 41
1183 1530 1190 1543 .

87 1549 257 1632 quicquam
301 1549 469 1632 ingenium
510 1548 579 1612 eius
621 1548 754 1612 solidius
796 1553 853 1614 aut
893 1549 1093 1613 constantius

85 1634 201 1700 habuit
232 1658 329 1719 quam
361 1636 604 1701 admirationem
635 1656 730 1700 verae
760 1636 864 1700 laudis
892 1639 925 1700 et
955 1637 1095 1720 gloriae:

87 1723 265 1806 simplicius
296 1727 406 1787 tamen
437 1723 558 1786 famam
590 1722 782 1786 aestimabat
768 1724 848 1787 tin
874 1723 970 1787 hoste
998 1745 1094 1807 quam

87 1812 122 1875 in
144 1811 222 1875 cive.
267 1810 392 1894 Quippe
416 1833 435 1874 a
458 1809 524 1873 suis
548 1809 697 1873 credebat
723 1810 978 1893 magnitudinem
1003 1833 1094 1876 suam

87 1898 210 1962 destrui
238 1919 348 1982 posse,
380 1898 512 1962 eandem
544 1897 713 1962 clariorem
745 1897 828 1983 fore,
860 1920 923 1983 quo
956 1901 1093 1966 maiores

86 1985 239 2069 fuissent,
261 2007 341 2069 quos
363 1987 433 2072 ipse
456 1985 594 2050 vicisset.
915 2021 918 2027 ·

484 2285 696 2296 ..ι-.-
