2422 3892
289 155 540 210 maronianum
558 121 772 209 nnnxaunru
791 154 851 223 vn,
870 163 894 210 e.
970 149 975 157 '
1031 156 1093 219 169

90 300 272 365 Alexander
301 297 508 382 Spitamenen
537 304 569 362 et
597 296 754 382 Catenen,
782 321 801 363 a
829 298 944 383 quibus
974 300 1003 363 ei
1029 302 1095 362 tra·

88 390 174 453 ditus
207 391 277 452 erat
308 388 441 470 Bessus,
478 387 562 451 haud
595 387 710 451 dubius
745 387 822 471 quin
854 408 965 472 eorum
997 408 1096 468 opera

88 477 191 560 redigi
210 480 343 559 possent
360 476 396 539 in
413 479 609 557 potestatem
629 476 683 559 qui
701 479 900 540 novaverant
918 497 983 559 res,
1002 474 1096 538 iussit

89 565 218 629 accersi.
255 565 301 627 At
318 564 379 648 illi,
403 563 606 646 defectionis,
625 564 664 627 ad
684 585 781 647 quam
800 564 1005 628 coercendam
1026 584 1096 626 evo·
1117 585 1147 631 15

90 653 255 735 cabantur,
270 657 426 735 auctores,
439 653 652 735 vulgaverant
664 651 958 734 fama,Bactrianos
973 652 1096 734 equites

90 764 109 804 a
127 760 202 825 rege
222 763 343 825 omnes,
361 744 398 804 ut
412 741 641 823 occiderentur,
655 741 775 804 accersi
793 741 888 824 idque
902 740 1096 822 imperatum

88 829 180 912 ipsis:
202 850 268 893 non
292 828 482 893 sustinuisse
505 833 614 893 tamen
637 829 763 911 exequi,
785 849 825 892 ne
848 828 1039 911 inexpiabile
1063 827 1097 890 in

88 918 260 1001 populares
288 917 412 981 facinus
436 917 653 980 admitterent.
694 915 769 980 Non
791 918 895 1000 magis
919 915 1096 981 Alexandri

88 1006 272 1088 saevitiam,
291 1026 387 1087 quam
403 1003 494 1069 Bessi
517 1004 724 1087 parricidium
743 1004 827 1068 ferre
846 1005 996 1088 potuisse.
1032 1003 1095 1068 lta-

90 1114 227 1174 querna
246 1096 360 1174 sponte
374 1093 440 1156 iam
459 1096 564 1156 motos
579 1096 667 1156 metu
685 1113 806 1174 poenae
825 1092 910 1156 haud
924 1092 1097 1157 difficulter

39 1183 76 1246 27
90 1179 130 1242 ad
158 1201 248 1243 arma
275 1182 523 1245 concitaverunt.
568 1179 751 1244 Alexander
780 1179 1021 1264 transfugarum
1046 1181 1097 1243 de·
1117 1202 1149 1249 16

88 1267 226 1332 sectione
249 1272 402 1350 conperta
425 1266 592 1332 Craterum
618 1269 763 1332 obsidere
787 1265 973 1351 Cyropolim
1000 1267 1096 1332 iubet.

87 1355 160 1438 Ipse
197 1356 294 1420 aliam
330 1355 441 1419 urbem
482 1356 623 1440 regionis
661 1356 802 1420 eiusdem
841 1377 959 1421 corona
996 1356 1127 1437 capit:-

89 1445 257 1528 signoque,
289 1447 326 1507 ut
352 1445 487 1527 puberes
516 1444 787 1529 interficerentur,
818 1446 894 1508 dato
922 1443 1037 1527 reliqui
1063 1443 1098 1506 in

87 1533 239 1614 praedam
268 1554 391 1597 cessere
418 1533 559 1597 victoris.
604 1531 688 1597 Urbs
716 1533 823 1597 diruta
851 1537 913 1617 est,
940 1535 977 1597 ut
1000 1532 1098 1596 ceteri

89 1621 187 1684 cladis
211 1622 279 1685 eius
303 1621 450 1702 exemplo
479 1621 728 1686 continerentur.
773 1621 963 1704 Memaceni,
989 1621 1098 1684 valida
1118 1641 1149 1689 lv

89 1729 182 1791 gens,
201 1706 401 1772 obsidionem
419 1729 484 1772 non
502 1712 539 1772 ut
556 1708 776 1772 honestiorem
795 1708 903 1790 modo,
926 1708 981 1771 sed
1000 1709 1097 1772 etiam

88 1800 126 1857 ut
143 1796 296 1859 tutiorem
314 1794 398 1858 ferre
417 1796 629 1860 decreverant.
661 1796 712 1859 Ad
732 1817 867 1879 quorum
885 1795 1097 1878 pertinaciam

89 1883 303 1967 mitigandam
326 1905 382 1947 rex
405 1900 428 1946 1.
452 1884 574 1967 equites
603 1884 783 1966 praemisit,
811 1883 867 1966 qui
896 1884 1097 1947 clementiam

88 1972 190 2052 ipsius
223 1971 258 2034 in
291 1971 415 2036 deditos
449 1972 607 2055 simulque
635 1971 866 2036 inexorabilem
894 1971 1036 2036 animum
1064 1972 1097 2036 in

88 2059 232 2124 devictos
257 2061 469 2124 ostenderent.
510 2060 563 2123 Illi
581 2081 639 2125 nec
662 2060 700 2123 de
724 2060 785 2123 fide
808 2081 867 2125 nec
890 2061 929 2124 de
951 2061 1098 2142 potentia
1118 2080 1149 2128 18

88 2148 173 2230 regis
210 2148 298 2230 ipsos
335 2148 483 2213 dubitare
519 2147 715 2231 respondent
746 2148 933 2233 equitesque
966 2150 1097 2214 tendere

88 2239 180 2300 extra
216 2238 418 2301 munimenta
455 2237 543 2300 urbis
577 2238 705 2301 iubent:
742 2237 948 2319 hospitaliter
983 2238 1096 2301 deinde

89 2335 239 2406 exceptos
261 2344 437 2409 gravesque
461 2325 564 2408 epulis
588 2329 620 2390 et
644 2346 757 2389 somno
785 2326 980 2407 intempesta
1001 2330 1097 2388 nocte

88 2412 193 2475 adorti
218 2412 468 2477 interfecerunt.
523 2413 706 2477 Alexander
740 2411 826 2476 haud
859 2434 964 2493 secus,
1001 2433 1097 2494 quam
1117 2432 1149 2480 19

86 2522 146 2581 par
164 2503 244 2584 erat,
262 2507 369 2566 motus
388 2501 502 2566 urbem
521 2522 639 2565 corona
653 2498 863 2563 circumdedit
881 2499 1097 2581 munitiorem,

88 2609 184 2669 quam
203 2594 240 2651 ut
257 2589 362 2671 primo
382 2589 505 2669 impetu
524 2589 596 2669 capi
613 2590 733 2669 posset.
765 2585 880 2669 Itaque
899 2585 1097 2670 Meleagrum

88 2679 120 2737 et
142 2674 330 2738 Perdiccam
352 2676 387 2738 in
410 2675 576 2738 obsidione
599 2673 762 2757 relinquit.
803 2672 874 2752 Ipse
890 2675 1098 2755 proficiscitur

86 2763 129 2824 ad
151 2759 311 2826 Gruterum
335 2758 535 2845 Cyropolim,
558 2765 596 2825 ut
620 2766 694 2824 ante
718 2761 925 2844 dictumest,
949 2761 1096 2826 obsiden-

86 2854 162 2912 tem.
208 2845 375 2913 Statuerat
397 2852 506 2913 autem
528 2871 659 2932 parcere
688 2849 759 2912 urbi
784 2849 931 2913 conditae
956 2871 974 2911 a
998 2846 1095 2932 Cyro:
1115 2870 1149 2918 20

87 2937 205 3020 quippe
232 2957 297 3000 non
326 2937 427 3000 alium
455 2939 600 3019 gentium
627 2937 758 3002 illarum
785 2937 890 3020 magis
920 2937 1097 3002 admiratus

87 3030 149 3107 est,
174 3046 270 3109 quarn
294 3025 379 3089 hunc
401 3046 511 3109 regem
535 3029 569 3088 et
587 3024 794 3107 Samiramin,
820 3046 899 3108 quos
920 3029 952 3089 et
975 3026 1097 3110 magni-

85 3114 198 3176 tudine
222 3113 323 3176 animi
347 3116 379 3176 et
402 3114 552 3178 claritate
579 3135 686 3178 rerum
713 3116 811 3196 longe
839 3114 1008 3177 emicuisse
1032 3135 1096 3177 cre·

87 3201 191 3265 debat.
251 3198 402 3266 Ceterum
434 3201 612 3284 pertinacia
644 3203 880 3286 oppidanorum
912 3202 995 3267 iram
1028 3203 1095 3266 eius
1115 3223 1145 3269 ar

87 3289 241 3352 accendit.
285 3288 398 3372 ltaque
422 3294 550 3372 captam
573 3291 687 3355 urbem
710 3291 807 3372 diripi
830 3289 934 3353 iussit.
979 3289 1096 3354 Deleta

87 3397 124 3440 ea
146 3375 341 3442 Memacenis
364 3377 449 3442 haud
472 3379 591 3442 iniuria
614 3378 750 3442 infestus
774 3377 814 3441 ad
837 3377 1039 3462 Meleagrum
1062 3382 1095 3442 et

85 3463 270 3529 Perdiccam
287 3466 378 3530 redit.
416 3464 477 3531 Sed
495 3487 562 3530 non
580 3467 646 3530 alia
665 3467 742 3530 urbs
760 3466 878 3530 fortius
893 3467 1095 3532 obsidionem
1114 3487 1148 3530 aa

84 3552 175 3617 tulit:
198 3554 315 3637 quippe
334 3558 368 3619 et
388 3555 529 3619 militum
551 3554 793 3640 promptissimi
814 3553 966 3619 cecidere
984 3557 1025 3612 et.
1036 3553 1121 3625 ‘msa
