2422 3892
111 123 154 184 42
483 121 515 186 Q.
535 120 645 176 CURTI
662 119 749 175 RUFI

111 270 144 330 et
167 266 301 330 classem
324 269 357 329 et
378 265 544 329 machinas
567 264 688 348 pariter
709 264 893 348 admovere,
919 266 957 328 ut
977 263 1123 347 undique

111 354 231 418 territis
262 354 410 436 instaret,
443 353 512 436 ipse
543 353 578 416 in
611 353 800 417 altissimam
827 356 948 416 tmrem
975 352 1124 418 ascendit

61 464 90 512 11
111 443 237 526 ingenti
264 443 384 525 animo,
416 442 557 524 periculo
580 441 714 504 maiore:
747 441 863 524 quippe
886 439 975 525 regio
998 440 1124 526 insigni

112 534 144 594 et
174 531 270 594 armis
299 529 498 614 fulgentibus
525 530 717 612 conspicuus
744 550 827 592 unus
853 528 1023 611 praecipue
1046 530 1122 594 telis
1148 577 1152 584 -

110 619 287 701 petebatur.
319 618 365 682 Et
387 617 484 701 digna
506 639 637 700 prorsus
660 618 842 700 spectaculo
866 616 978 680 edidit:
1001 616 1122 682 multos

112 728 129 770 e
152 707 252 770 muris
275 709 518 790 propugnantes
540 706 635 769 hasta
655 705 824 788 transfixit,
847 705 1004 789 quosdam
1023 705 1122 769 etiam

112 796 289 859 comminus
334 794 442 879 gladio
488 793 652 876 clipeoque
696 793 842 875 inpulsos
887 793 1121 876 praecipitavit,

112 883 229 965 quippe
251 883 358 965 turris,
382 903 420 946 ex
443 904 507 965 qua
525 882 706 963 dimicabat,
728 882 828 944 muris
846 880 988 945 hostium
1006 902 1121 964 prope-

60 993 92 1042 12
112 970 242 1033 modum
265 970 465 1034 cohaerebat.
496 969 628 1053 Iamque
651 969 769 1032 crebris
792 968 945 1032 arietibus
969 989 1121 1033 saxorum

112 1079 256 1142 conpage
278 1058 387 1122 laxata
409 1059 610 1122 munimenta
633 1057 816 1120 defecerant
838 1060 871 1119 et
890 1057 1002 1120 classis
1020 1057 1121 1120 intra·

111 1149 202 1211 verat
223 1150 352 1229 portum
375 1148 408 1210 et
430 1147 560 1230 quidam
574 1144 786 1209 Macedonum
803 1145 839 1207 in
856 1147 960 1208 turres
976 1143 1121 1210 hostium

112 1234 254 1299 desertas
281 1238 463 1300 evaserant:
495 1256 567 1298 cum
589 1233 690 1317 Tyrii,
721 1234 772 1297 tot
799 1232 894 1297 simul
916 1231 1008 1296 malis
1035 1232 1122 1317 victi,

112 1324 167 1386 alii
190 1324 349 1406 supplices
369 1323 542 1404 intemplo
560 1322 760 1404 confugiunt,
783 1320 838 1383 alii
856 1320 980 1384 foribus
994 1319 1121 1383 aedium

117 1411 274 1474 obseratis
297 1413 456 1492 occupant
478 1410 614 1472 liberum
636 1409 749 1472 mortis
772 1408 950 1493 arbitrium,
971 1408 1122 1472 nonnulli

111 1502 210 1561 ruunt
239 1498 274 1560 in
302 1498 429 1560 hostem
454 1496 541 1559 haud
568 1496 663 1559 inulti
690 1499 798 1560 tamen
824 1496 970 1580 perituri,
1001 1517 1122 1580 magna

112 1607 187 1669 pars
219 1606 344 1648 summa
374 1586 531 1647 tectorum
564 1583 745 1667 obtinebat,
781 1606 859 1647 saxa
891 1587 936 1667 et,
971 1584 1124 1667 quidquid

61 1674 178 1746 13fors
201 1672 236 1736 in
258 1693 372 1735 manus
395 1670 535 1754 dederat,
557 1671 740 1754 ingerentes
764 1672 985 1735 subeuntibus.
1025 1671 1122 1736 Alex·

17 1831 21 1839 ,
113 1761 212 1825 ander
247 1760 400 1844 exceptis,
436 1759 491 1842 qui
526 1759 561 1822 in
592 1760 714 1841 templa
750 1760 975 1843 confugerant,
1011 1777 1122 1824 ornnes

23 1849 25 1854 ’
61 1873 94 1920 14
112 1850 250 1914 interfici
277 1850 448 1934 ignemque
479 1847 572 1910 tectis
604 1847 680 1910 inici
710 1847 809 1910 iubet.
858 1847 919 1911 His
947 1868 1005 1929 per
1031 1869 1123 1930 prae·

113 1959 208 2001 cones
235 1936 452 2022 pronuntiatis
479 1956 573 1998 nemo
600 1939 711 1998 tamen
739 1938 881 1999 armatus
909 1956 1003 2018 opem
1030 1956 1050 1997 a
1073 1934 1123 1999 dis

112 2029 220 2108 petere
239 2025 403 2089 sustinuit:
426 2024 518 2107 pueri
531 2023 735 2106 virginesque
748 2024 870 2105 templa
884 2023 1123 2106 conpleverant,

112 2113 174 2176 viri
196 2113 231 2175 in
253 2111 411 2176 vestibulo
435 2133 565 2175 suarum
588 2111 723 2194 quisque
746 2111 872 2174 aedium
896 2111 1038 2193 stabant,
1065 2132 1123 2193 pa·

61 2224 94 2272 15
112 2203 184 2264 rata
216 2199 432 2263 saevientibus
463 2199 567 2262 turba.
620 2198 732 2262 Multis
764 2202 874 2262 tamen
905 2199 1001 2263 saluti
1032 2197 1123 2262 fuere

114 2287 250 2372 Sidonii,
286 2287 341 2370 qui
372 2287 458 2350 intra
490 2285 702 2351 Macedonum
733 2286 894 2371 praesidia
925 2289 1026 2350 erant.
1077 2285 1124 2350 Hi

112 2377 224 2440 urbem
252 2375 380 2458 quidem
406 2374 492 2438 inter
518 2375 655 2438 victores
683 2375 896 2459 intraverant,
926 2374 981 2438 sed
1004 2395 1123 2458 cogna-

111 2465 211 2530 tionis
234 2485 307 2528 cum
325 2462 430 2546 Tyriis
450 2484 606 2526 memores
624 2498 667 2508 —
686 2463 804 2546 quippe
823 2465 991 2546 utramque
1010 2461 1125 2525 urbem

111 2553 296 2637 Agenorem
323 2551 502 2615 condidisse
530 2550 703 2616 credebant
730 2587 772 2596 —
799 2551 919 2615 multos
942 2549 1124 2634 Tyriorum,

112 2643 195 2705 clam
220 2643 440 2724 protegentes,
472 2638 512 2702 ad
541 2661 598 2702 sua
624 2638 800 2720 perduxere
829 2638 974 2722 navigia,
1005 2637 1123 2720 quibus

113 2729 265 2792 occultati
284 2726 405 2793 Sidona
428 2727 551 2791 devecti
574 2732 659 2790 sunt.
693 2743 739 2790 xv
755 2725 845 2789 milia
863 2725 925 2790 hoc
942 2725 1028 2789 furto
1048 2724 1123 2802 sub:

61 2817 208 2887 1oducta
240 2816 392 2880 saevitiae
424 2818 509 2878 sunt.
558 2813 782 2896 Quantumque
815 2813 982 2897 sanguinis
1013 2812 1123 2875 fusum

113 2905 164 2985 sit,
186 2904 237 2968 vel
259 2925 299 2966 ex
320 2903 382 2967 hoc
401 2902 564 2967 aestimari
581 2905 697 2984 potest,
720 2901 805 2984 quod
821 2901 908 2964 intra
921 2900 1123 2963 munimenta

61 3015 91 3063 ιτ
112 2993 201 3056 urbis
219 3009 255 3055 vl
269 2991 358 3054 milia
376 2993 573 3054 armatorum
590 2989 750 3052 trucidata
767 2991 850 3052 sunt.
882 2987 988 3052 Triste
1007 2987 1123 3050 deinde

112 3080 330 3164 spectaculum
352 3078 527 3142 victoribus
549 3077 598 3139 ira
620 3077 768 3158 praebuit
789 3076 883 3160 regis.
919 3093 945 3139 11
966 3074 1064 3158 milia,
1086 3074 1124 3138 in

113 3169 229 3251 quibus
252 3165 434 3231 occidendis
458 3165 618 3230 defecerat
639 3165 754 3248 rabies,
776 3165 922 3228 crucibus
946 3163 1043 3226 adfixi
1064 3183 1124 3245 per

60 3276 93 3326 18
111 3257 226 3339 ingens
249 3254 353 3319 litoris
380 3253 521 3337 spatium
542 3251 773 3336 pependerunt.
805 3250 1123 3336 Carthaginiensium

110 3344 226 3428 legatis
249 3342 393 3427 pepercit
415 3341 524 3405 addita
547 3341 789 3405 denuntiatione
815 3340 900 3424 belli,
923 3339 1008 3422 quod
1029 3359 1123 3422 prae·

112 3432 252 3497 sentium
273 3453 381 3495 rerum
403 3430 577 3494 necessitas
599 3431 787 3493 moraretur.

59 3540 92 3593 ra
199 3518 302 3604 'Pyros
335 3519 471 3605 septimo
504 3538 629 3602 mense,
665 3537 761 3600 quam
793 3514 975 3600 oppugnari
1006 3515 1122 3597 coepta
1132 3513 1178 3579 20
