2422 3892
166 122 209 187 84
348 80 353 89 ⁸
538 122 569 189 0.
589 120 699 177 cunm
715 120 802 178 aun

75 278 80 287 ’
115 288 150 338 er
167 266 213 333 Et
244 289 316 333 cum
343 269 487 332 vetustas
513 287 581 331 non
608 287 707 348 opera
733 267 837 331 solum
862 268 1100 358 manufacta,
1133 278 1184 339 sed

166 356 264 421 etiam
281 356 385 439 ipsam
404 358 553 417 naturam
570 354 727 436 paulatim
744 353 905 420 exedendo
921 356 1084 444 perimat,
1107 360 1183 429 haec

165 445 282 527 moles,
309 463 391 527 quae
417 445 469 506 tot
491 442 642 506 arborum
664 440 824 507 radicibus
846 443 1010 525 premitur
1033 448 1182 534 tantique

165 532 307 596 nemoris
329 529 470 614 pondere
493 533 626 594 onerata
648 532 711 613 est,
739 529 896 594 inviolata
917 530 1034 617 durat,
1063 536 1181 621 quippe

165 638 213 684 xx
232 619 326 701 perles
352 618 412 681 lati
433 617 574 700 parietes
598 617 774 701 sustinent,
802 634 839 681 xr
859 617 978 700 pedum
1004 620 1181 691 intervallo

166 707 339 789 distantes,
371 708 408 768 ut
439 705 552 788 procul
578 705 757 769 visentibus
784 704 884 770 silvae
909 708 1087 776 montibus
1117 713 1180 779 auis

112 815 147 863 as
165 794 322 857 inminere
340 792 519 856 videantur.
550 790 664 876 Syriae
679 811 790 877 regem
802 791 969 876 Babylone
982 803 1180 883 regnantem

164 881 227 945 hoc
250 902 332 963 opus
355 902 425 946 esse
447 880 598 945 molitum
615 880 788 945 memoriae
804 881 970 964 proditum
983 888 1050 970 est,
1072 909 1179 955 amore

165 968 312 1053 coniugis
335 969 465 1053 victum,
487 990 569 1052 quae
592 967 750 1047 desiderio
767 989 935 1033 nemorum
954 969 1179 1061 silvarumque

164 1057 199 1121 in
234 1057 469 1141 campestribus
505 1056 586 1121 locis
622 1056 726 1119 virum
761 1055 907 1139 conpulit
942 1062 1178 1130 amoenitatem

163 1146 299 1210 naturae
323 1166 439 1230 genere
461 1143 556 1209 huius
580 1143 685 1226 operis
708 1143 840 1207 imitari.

113 1254 146 1304 ee
252 1233 384 1298 Diutius
411 1234 446 1297 in
470 1232 532 1296 hac
558 1232 638 1296 urbe
661 1252 758 1315 quam
778 1252 915 1314 usquam
937 1236 1097 1303 constitit
1117 1235 1198 1323 rex,i

163 1344 224 1387 nec
252 1323 316 1386 alio
343 1323 415 1385 loco
439 1319 627 1402 disciplinae
648 1318 783 1382 militari
804 1318 909 1404 magis
929 1322 1067 1389 nocuit:
1099 1326 1178 1391 nihil

164 1409 254 1472 urbis
277 1408 346 1470 eius
369 1407 552 1488 corruptius
574 1406 731 1490 moribus,
753 1405 835 1469 nihil
857 1406 898 1470 ad
919 1406 1113 1479 imitandas
1135 1414 1177 1479 in·

112 1515 145 1564 er
164 1493 381 1575 liciendasque
402 1493 580 1556 inmodicas
599 1492 792 1575 cupiditates
808 1494 1010 1562 instructius.
1043 1498 1177 1568 Liberos

165 1580 380 1664 coniugesque
408 1600 480 1644 cum
506 1579 690 1662 hospitibus
717 1585 830 1664 stupro
853 1581 953 1667 coire,
980 1586 1087 1653 modo
1110 1611 1177 1673 pre

162 1668 246 1731 tium
267 1668 384 1753 flagitii
401 1668 502 1752 detur,
525 1672 675 1752 parentes
692 1668 864 1753 maritique
880 1669 1065 1752 patiuntur.
1098 1674 1177 1743 con·

162 1756 283 1821 rivales
310 1757 378 1821 ludi
405 1759 476 1821 tota
498 1755 628 1820 Perside
656 1756 786 1840 regibus
811 1759 1068 1845 purpuratisque
1091 1764 1179 1847 cordi

163 1848 247 1929 sunt,
269 1843 444 1928 Babylonii
465 1843 604 1908 maxime
626 1843 661 1906 in
683 1844 793 1907 vinum
815 1848 857 1929 et,
879 1866 962 1928 quae
981 1847 1177 1918 ebrietatem

110 1935 349 2015 assequuntur,
372 1931 466 1996 effusi
489 1935 573 1995 sunt
606 1929 811 1995 Feminarum
829 1933 976 1997 convivia
991 1934 1177 2005 ineuntium

161 2018 197 2080 in
217 2018 376 2100 principio
398 2017 562 2082 modestus
585 2021 635 2082 est
656 2018 801 2102 habitus,
830 2019 904 2084 dein
926 2042 1059 2090 summa
1083 2048 1176 2112 qnae·

163 2125 223 2186 que
252 2103 390 2168 amicula
416 2108 537 2169 exuunt
562 2105 782 2190 paulatimque
808 2106 963 2190 pudorem
985 2112 1176 2195 profanant,

163 2191 204 2254 ad
236 2190 386 2255 ultimum
418 2226 459 2237 -
491 2191 596 2258 honos
627 2193 757 2258 auribus
788 2193 920 2261 habitus
951 2197 995 2262 sit
1033 2236 1080 2249 -
1112 2203 1176 2269 ima

162 2299 334 2362 corporum
360 2279 542 2344 velamenta
568 2281 736 2363 proiciunt.
784 2279 854 2347 Nec
879 2284 1092 2354 meretricum
1116 2291 1176 2357 huc

161 2367 298 2432 dedecus
321 2368 380 2450 cst,
402 2366 459 2431 sed
479 2371 700 2433 matronarum
722 2369 961 2457 virginumque,
983 2377 1074 2457 apud
1096 2399 1175 2463 quas

109 2476 142 2525 aa
162 2456 297 2520 comitas
328 2454 467 2519 habetur
497 2456 622 2540 vulgati
653 2456 796 2540 eorporis
822 2457 940 2524 vilitas.
975 2459 1072 2529 lnter
1096 2466 1175 2531 haec

160 2544 285 2629 flagitia
313 2543 469 2608 exercitus
496 2543 551 2606 ille
579 2543 719 2608 domitor
744 2543 844 2609 Asiae
870 2567 929 2630 per
953 2564 1082 2618 xxxrm
1109 2554 1174 2619 dies

162 2633 329 2715 saginatus
357 2632 397 2696 ad
425 2653 477 2715 ea,
506 2652 587 2714 quae
614 2631 842 2717 sequebantur,
872 2633 1061 2703 discrimina
1087 2638 1175 2707 haud

162 2717 257 2783 dubie
281 2719 416 2784 debilior
438 2719 565 2783 futurus
587 2717 662 2801 fuit,
686 2719 714 2782 si
736 2719 863 2784 hostem
884 2721 1066 2791 habuisset

251 2803 399 2869 Ceterum
427 2828 489 2890 quo
512 2805 619 2871 minus
643 2805 795 2870 damnum
818 2809 965 2893 sentiret,
994 2810 1174 2883 identidem

108 2910 143 2959 40
161 2889 358 2954 incremento
395 2894 620 2957 renovabatur.
672 2892 818 2978 Namque
848 2895 1008 2981 Amyntas
1042 2901 1174 2970 Andro·

160 2977 248 3040 meni
275 2977 316 3040 ab
338 2977 516 3059 Antipatro
538 2980 749 3046 meedonum
775 2983 919 3066 peditum
941 2995 985 3051 vr
998 2988 1095 3057 milia
1121 2993 1173 3058 ad·

107 3084 140 3133 41
161 3064 265 3147 duxit,
296 3082 321 3127 n
348 3067 515 3146 praeterea
537 3067 679 3132 eiusdem
705 3071 831 3153 generis
853 3073 990 3158 equites,
1021 3096 1100 3143 curn
1121 3078 1173 3147 his

159 3168 207 3217 Dc
224 3151 368 3217 Thracas
393 3150 550 3215 adiunctis
572 3153 735 3235 peditibus
759 3180 835 3223 suae
858 3161 964 3245 gentis
984 3166 1173 3235 mmilibua

159 3256 184 3302 1>
206 3241 239 3302 et
261 3261 299 3304 ex
322 3239 544 3323 Peloponneso
566 3245 804 3311 mercennarius
828 3248 921 3312 miles
945 3248 986 3314 ad
1008 3268 1063 3318 1111
1080 3256 1173 3321 milia
1210 3299 1211 3330 a

106 3346 142 3395 42
162 3326 334 3391 advenerat
366 3348 438 3391 cum
466 3330 639 3414 nongentis
666 3333 833 3417 octoginta
859 3337 1030 3420 equitibus.
1081 3342 1172 3410 Idem

160 3414 323 3496 Amyntas
355 3415 531 3481 adduxerat
560 3434 583 3481 Ι,
608 3417 790 3503 principum
816 3421 1023 3491 Macedoniae
1048 3429 1173 3499 liberos

151 3502 286 3571 adultos
308 3502 350 3569 ad
373 3504 558 3572 custodiam
579 3506 740 3591 corporisr
762 3509 882 3592 quippo
899 3511 985 3575 inter
1001 3518 1120 3596 epulas
1137 3518 1172 3587 lu·
