<?xml version="1.0" encoding="UTF-8"?>
<!DOCTYPE html PUBLIC "-//W3C//DTD XHTML 1.0 Transitional//EN"
    "http://www.w3.org/TR/xhtml1/DTD/xhtml1-transitional.dtd">
<html xmlns="http://www.w3.org/1999/xhtml" xml:lang="en" lang="en">
 <head>
  <title>
</title>
<meta http-equiv="Content-Type" content="text/html;charset=utf-8" />
  <meta name='ocr-system' content='tesseract 3.04.00' />
  <meta name='ocr-capabilities' content='ocr_page ocr_carea ocr_par ocr_line ocrx_word'/>
</head>
<body>
  <div class='ocr_page' id='page_1' title='image "./historiarumalex00rufugoog_0096.png"; bbox 0 0 2422 3892; ppageno 0'>
   <div class='ocr_carea' id='block_1_1' title="bbox 256 151 1137 247">
    <p class='ocr_par' dir='ltr' id='par_1_1' title="bbox 256 151 1137 247">
     <span class='ocr_line' id='line_1_1' title="bbox 256 151 1137 247; baseline 0.011 -35"><span class='ocrx_word' id='word_1_1' title='bbox 256 156 512 229; x_wconf 72' lang='lat' dir='ltr'>nrsnonmnun</span> <span class='ocrx_word' id='word_1_2' title='bbox 529 157 746 212; x_wconf 77' lang='lat' dir='ltr'>memnoni</span> <span class='ocrx_word' id='word_1_3' title='bbox 761 156 810 226; x_wconf 78' lang='lat' dir='ltr'>lv,</span> <span class='ocrx_word' id='word_1_4' title='bbox 830 164 872 213; x_wconf 83' lang='grc' dir='ltr'>ιο.</span> <span class='ocrx_word' id='word_1_5' title='bbox 935 243 937 247; x_wconf 66' lang='lat'>,</span> <span class='ocrx_word' id='word_1_6' title='bbox 1025 157 1070 224; x_wconf 77' lang='lat'>‚59</span> <span class='ocrx_word' id='word_1_7' title='bbox 1134 151 1137 156; x_wconf 82' lang='grc'><strong>’</strong></span> 
     </span>
    </p>
   </div>
   <div class='ocr_carea' id='block_1_2' title="bbox 10 296 1179 3636">
    <p class='ocr_par' dir='ltr' id='par_1_2' title="bbox 57 296 1147 470">
     <span class='ocr_line' id='line_1_2' title="bbox 57 296 1147 390; baseline -0.004 -22"><span class='ocrx_word' id='word_1_8' title='bbox 57 325 165 368; x_wconf 89' lang='lat' dir='ltr'>mans:</span> <span class='ocrx_word' id='word_1_9' title='bbox 200 306 310 386; x_wconf 89' lang='lat' dir='ltr'>patere</span> <span class='ocrx_word' id='word_1_10' title='bbox 341 301 393 367; x_wconf 81' lang='lat' dir='ltr'>vel</span> <span class='ocrx_word' id='word_1_11' title='bbox 424 303 518 366; x_wconf 92' lang='lat' dir='ltr'>unius</span> <span class='ocrx_word' id='word_1_12' title='bbox 534 301 676 390; x_wconf 82' lang='lat' dir='ltr'>insidiis</span> <span class='ocrx_word' id='word_1_13' title='bbox 707 321 832 386; x_wconf 81' lang='lat' dir='ltr'>regem:</span> <span class='ocrx_word' id='word_1_14' title='bbox 865 296 948 365; x_wconf 92' lang='lat' dir='ltr'>nihil</span> <span class='ocrx_word' id='word_1_15' title='bbox 978 301 1070 365; x_wconf 88' lang='lat' dir='ltr'>nefas</span> <span class='ocrx_word' id='word_1_16' title='bbox 1142 348 1147 357; x_wconf 88' lang='lat'><strong>.</strong></span> 
     </span>
     <span class='ocr_line' id='line_1_3' title="bbox 57 387 1071 470; baseline -0.001 -16"><span class='ocrx_word' id='word_1_17' title='bbox 57 412 129 455; x_wconf 90' lang='lat' dir='ltr'>esse</span> <span class='ocrx_word' id='word_1_18' title='bbox 154 391 315 455; x_wconf 87' lang='lat' dir='ltr'>avaritiae.</span> <span class='ocrx_word' id='word_1_19' title='bbox 352 387 486 455; x_wconf 82' lang='lat' dir='ltr'>Secutus</span> <span class='ocrx_word' id='word_1_20' title='bbox 509 390 637 470; x_wconf 87' lang='lat' dir='ltr'>consilii</span> <span class='ocrx_word' id='word_1_21' title='bbox 655 392 817 454; x_wconf 77' lang='lat' dir='ltr'>auctorem</span> <span class='ocrx_word' id='word_1_22' title='bbox 836 393 943 453; x_wconf 87' lang='lat' dir='ltr'>castra</span> <span class='ocrx_word' id='word_1_23' title='bbox 960 389 1071 454; x_wconf 78' lang='lat' dir='ltr'>morit.</span> 
     </span>
    </p>

    <p class='ocr_par' dir='ltr' id='par_1_3' title="bbox 10 473 1122 562">
     <span class='ocr_line' id='line_1_4' title="bbox 10 473 1122 562; baseline 0.005 -22"><span class='ocrx_word' id='word_1_24' title='bbox 10 477 46 540; x_wconf 78' lang='lat'>41</span> <span class='ocrx_word' id='word_1_25' title='bbox 57 473 125 542; x_wconf 75' lang='lat' dir='ltr'>Iter</span> <span class='ocrx_word' id='word_1_26' title='bbox 146 478 278 543; x_wconf 77' lang='lat' dir='ltr'><strong>facienti</strong></span> <span class='ocrx_word' id='word_1_27' title='bbox 301 478 400 561; x_wconf 88' lang='lat' dir='ltr'>spado</span> <span class='ocrx_word' id='word_1_28' title='bbox 425 501 442 542; x_wconf 93' lang='lat' dir='ltr'>e</span> <span class='ocrx_word' id='word_1_29' title='bbox 465 479 609 562; x_wconf 84' lang='lat' dir='ltr'>captivis,</span> <span class='ocrx_word' id='word_1_30' title='bbox 632 478 687 562; x_wconf 89' lang='lat' dir='ltr'>qui</span> <span class='ocrx_word' id='word_1_31' title='bbox 700 475 798 541; x_wconf 90' lang='lat' dir='ltr'>Darei</span> <span class='ocrx_word' id='word_1_32' title='bbox 821 498 953 541; x_wconf 88' lang='lat' dir='ltr'>uxorem</span> <span class='ocrx_word' id='word_1_33' title='bbox 972 478 1068 541; x_wconf 93' lang='lat' dir='ltr'>comi-</span> <span class='ocrx_word' id='word_1_34' title='bbox 1090 497 1122 546; x_wconf 78' lang='lat'>18</span> 
     </span>
    </p>

    <p class='ocr_par' dir='ltr' id='par_1_4' title="bbox 30 564 1071 651">
     <span class='ocr_line' id='line_1_5' title="bbox 30 564 1071 651; baseline 0 -21"><span class='ocrx_word' id='word_1_35' title='bbox 30 638 33 644; x_wconf 54' lang='grc'>,</span> <span class='ocrx_word' id='word_1_36' title='bbox 56 567 224 651; x_wconf 85' lang='lat' dir='ltr'>tabantur,</span> <span class='ocrx_word' id='word_1_37' title='bbox 245 565 377 631; x_wconf 90' lang='lat' dir='ltr'>deficere</span> <span class='ocrx_word' id='word_1_38' title='bbox 400 588 471 630; x_wconf 88' lang='lat' dir='ltr'>eam</span> <span class='ocrx_word' id='word_1_39' title='bbox 492 567 623 630; x_wconf 89' lang='lat' dir='ltr'>nuntiat</span> <span class='ocrx_word' id='word_1_40' title='bbox 645 565 752 630; x_wconf 82' lang='lat' dir='ltr'>strix</span> <span class='ocrx_word' id='word_1_41' title='bbox 774 565 923 649; x_wconf 88' lang='lat' dir='ltr'>spiritum</span> <span class='ocrx_word' id='word_1_42' title='bbox 948 564 1071 631; x_wconf 83' lang='lat' dir='ltr'>ducere.</span> 
     </span>
    </p>

    <p class='ocr_par' dir='ltr' id='par_1_5' title="bbox 17 652 1161 2664">
     <span class='ocr_line' id='line_1_6' title="bbox 17 652 1123 739; baseline 0.002 -20"><span class='ocrx_word' id='word_1_43' title='bbox 17 735 20 739; x_wconf 76' lang='lat'><strong>.</strong></span> <span class='ocrx_word' id='word_1_44' title='bbox 57 653 187 719; x_wconf 89' lang='lat' dir='ltr'>Itineris</span> <span class='ocrx_word' id='word_1_45' title='bbox 214 655 358 720; x_wconf 73' lang='lat' dir='ltr'>continui</span> <span class='ocrx_word' id='word_1_46' title='bbox 383 654 494 718; x_wconf 90' lang='lat' dir='ltr'>labore</span> <span class='ocrx_word' id='word_1_47' title='bbox 521 655 684 738; x_wconf 79' lang='lat' dir='ltr'><strong>animique</strong></span> <span class='ocrx_word' id='word_1_48' title='bbox 711 653 910 738; x_wconf 76' lang='lat' dir='ltr'>aegritudine</span> <span class='ocrx_word' id='word_1_49' title='bbox 932 652 1071 737; x_wconf 83' lang='lat' dir='ltr'>fatigata</span> <span class='ocrx_word' id='word_1_50' title='bbox 1091 673 1123 721; x_wconf 81' lang='lat'>19</span> 
     </span>
     <span class='ocr_line' id='line_1_7' title="bbox 58 742 1071 827; baseline 0 -23"><span class='ocrx_word' id='word_1_51' title='bbox 58 742 142 805; x_wconf 92' lang='lat' dir='ltr'>inter</span> <span class='ocrx_word' id='word_1_52' title='bbox 165 763 275 807; x_wconf 89' lang='lat' dir='ltr'>socrus</span> <span class='ocrx_word' id='word_1_53' title='bbox 299 746 331 807; x_wconf 89' lang='lat' dir='ltr'>et</span> <span class='ocrx_word' id='word_1_54' title='bbox 353 742 514 827; x_wconf 83' lang='lat' dir='ltr'>virginum</span> <span class='ocrx_word' id='word_1_55' title='bbox 532 742 670 806; x_wconf 90' lang='lat' dir='ltr'>filiarum</span> <span class='ocrx_word' id='word_1_56' title='bbox 689 762 803 818; x_wconf 89' lang='lat' dir='ltr'>manus</span> <span class='ocrx_word' id='word_1_57' title='bbox 823 742 975 824; x_wconf 82' lang='lat' dir='ltr'>conlapsa</span> <span class='ocrx_word' id='word_1_58' title='bbox 993 744 1071 824; x_wconf 89' lang='lat' dir='ltr'>erat,</span> 
     </span>
     <span class='ocr_line' id='line_1_8' title="bbox 59 829 1070 914; baseline 0 -21"><span class='ocrx_word' id='word_1_59' title='bbox 59 829 172 894; x_wconf 89' lang='lat' dir='ltr'>deinde</span> <span class='ocrx_word' id='word_1_60' title='bbox 204 833 237 894; x_wconf 91' lang='lat' dir='ltr'>et</span> <span class='ocrx_word' id='word_1_61' title='bbox 268 830 417 894; x_wconf 84' lang='lat' dir='ltr'>extincta.</span> <span class='ocrx_word' id='word_1_62' title='bbox 465 830 504 895; x_wconf 93' lang='lat' dir='ltr'>Id</span> <span class='ocrx_word' id='word_1_63' title='bbox 535 830 642 914; x_wconf 91' lang='lat' dir='ltr'>ipsum</span> <span class='ocrx_word' id='word_1_64' title='bbox 671 830 824 894; x_wconf 90' lang='lat' dir='ltr'>nuntians</span> <span class='ocrx_word' id='word_1_65' title='bbox 852 830 933 893; x_wconf 90' lang='lat' dir='ltr'>alius</span> <span class='ocrx_word' id='word_1_66' title='bbox 961 851 1070 913; x_wconf 89' lang='lat' dir='ltr'>super-</span> 
     </span>
     <span class='ocr_line' id='line_1_9' title="bbox 57 917 1123 1002; baseline 0.003 -20"><span class='ocrx_word' id='word_1_67' title='bbox 57 919 154 982; x_wconf 89' lang='lat' dir='ltr'>venit.</span> <span class='ocrx_word' id='word_1_68' title='bbox 193 917 240 981; x_wconf 84' lang='lat' dir='ltr'>Et</span> <span class='ocrx_word' id='word_1_69' title='bbox 256 938 312 982; x_wconf 90' lang='lat' dir='ltr'>rex</span> <span class='ocrx_word' id='word_1_70' title='bbox 329 917 417 986; x_wconf 87' lang='lat' dir='ltr'>haud</span> <span class='ocrx_word' id='word_1_71' title='bbox 436 939 535 1000; x_wconf 90' lang='lat' dir='ltr'>secus,</span> <span class='ocrx_word' id='word_1_72' title='bbox 559 918 703 1002; x_wconf 87' lang='lat' dir='ltr'>quamsi</span> <span class='ocrx_word' id='word_1_73' title='bbox 721 917 864 1000; x_wconf 91' lang='lat' dir='ltr'>parentis</span> <span class='ocrx_word' id='word_1_74' title='bbox 878 938 969 986; x_wconf 87' lang='lat' dir='ltr'>mors</span> <span class='ocrx_word' id='word_1_75' title='bbox 987 939 1070 981; x_wconf 90' lang='lat' dir='ltr'>nun·</span> <span class='ocrx_word' id='word_1_76' title='bbox 1088 935 1123 985; x_wconf 78' lang='lat'>20</span> 
     </span>
     <span class='ocr_line' id='line_1_10' title="bbox 58 1005 1071 1092; baseline 0 -24"><span class='ocrx_word' id='word_1_77' title='bbox 58 1006 140 1069; x_wconf 87' lang='lat' dir='ltr'>tiata</span> <span class='ocrx_word' id='word_1_78' title='bbox 161 1008 260 1088; x_wconf 90' lang='lat' dir='ltr'>esset,</span> <span class='ocrx_word' id='word_1_79' title='bbox 283 1005 411 1070; x_wconf 89' lang='lat' dir='ltr'>crebros</span> <span class='ocrx_word' id='word_1_80' title='bbox 434 1005 533 1070; x_wconf 87' lang='lat' dir='ltr'>edidit</span> <span class='ocrx_word' id='word_1_81' title='bbox 551 1007 691 1092; x_wconf 83' lang='lat' dir='ltr'>gemitus</span> <span class='ocrx_word' id='word_1_82' title='bbox 713 1005 916 1089; x_wconf 83' lang='lat' dir='ltr'>lacrimisque</span> <span class='ocrx_word' id='word_1_83' title='bbox 939 1005 1071 1089; x_wconf 88' lang='lat' dir='ltr'>obortis,</span> 
     </span>
     <span class='ocr_line' id='line_1_11' title="bbox 59 1091 1070 1177; baseline 0 -21"><span class='ocrx_word' id='word_1_84' title='bbox 59 1092 163 1175; x_wconf 91' lang='lat' dir='ltr'>qualis</span> <span class='ocrx_word' id='word_1_85' title='bbox 193 1091 319 1157; x_wconf 89' lang='lat' dir='ltr'>Dareus</span> <span class='ocrx_word' id='word_1_86' title='bbox 350 1092 558 1177; x_wconf 87' lang='lat' dir='ltr'>profudisset,</span> <span class='ocrx_word' id='word_1_87' title='bbox 591 1095 626 1157; x_wconf 92' lang='lat' dir='ltr'>in</span> <span class='ocrx_word' id='word_1_88' title='bbox 653 1093 909 1176; x_wconf 89' lang='lat' dir='ltr'>tabernaculum,</span> <span class='ocrx_word' id='word_1_89' title='bbox 939 1094 974 1156; x_wconf 93' lang='lat' dir='ltr'>in</span> <span class='ocrx_word' id='word_1_90' title='bbox 1007 1113 1070 1177; x_wconf 90' lang='lat' dir='ltr'>quo</span> 
     </span>
     <span class='ocr_line' id='line_1_12' title="bbox 57 1179 1071 1264; baseline -0.001 -21"><span class='ocrx_word' id='word_1_91' title='bbox 57 1184 163 1243; x_wconf 86' lang='lat' dir='ltr'>mater</span> <span class='ocrx_word' id='word_1_92' title='bbox 195 1183 265 1244; x_wconf 89' lang='lat' dir='ltr'>erat</span> <span class='ocrx_word' id='word_1_93' title='bbox 293 1179 403 1260; x_wconf 87' lang='lat' dir='ltr'>Darei,</span> <span class='ocrx_word' id='word_1_94' title='bbox 440 1181 589 1245; x_wconf 89' lang='lat' dir='ltr'>defuncto</span> <span class='ocrx_word' id='word_1_95' title='bbox 622 1180 771 1245; x_wconf 89' lang='lat' dir='ltr'>adsidens</span> <span class='ocrx_word' id='word_1_96' title='bbox 803 1181 942 1264; x_wconf 89' lang='lat' dir='ltr'>corpori,</span> <span class='ocrx_word' id='word_1_97' title='bbox 974 1181 1071 1244; x_wconf 83' lang='lat' dir='ltr'>venit.</span> 
     </span>
     <span class='ocr_line' id='line_1_13' title="bbox 56 1266 1122 1351; baseline 0.003 -19"><span class='ocrx_word' id='word_1_98' title='bbox 56 1266 122 1332; x_wconf 91' lang='lat' dir='ltr'>Hic</span> <span class='ocrx_word' id='word_1_99' title='bbox 153 1288 229 1332; x_wconf 87' lang='lat' dir='ltr'>vero</span> <span class='ocrx_word' id='word_1_100' title='bbox 260 1271 434 1333; x_wconf 83' lang='lat' dir='ltr'>renovatus</span> <span class='ocrx_word' id='word_1_101' title='bbox 461 1271 510 1332; x_wconf 91' lang='lat' dir='ltr'>est</span> <span class='ocrx_word' id='word_1_102' title='bbox 531 1289 670 1351; x_wconf 89' lang='lat' dir='ltr'>maeror,</span> <span class='ocrx_word' id='word_1_103' title='bbox 701 1271 738 1332; x_wconf 90' lang='lat' dir='ltr'>ut</span> <span class='ocrx_word' id='word_1_104' title='bbox 759 1271 955 1351; x_wconf 88' lang='lat' dir='ltr'>prostratam</span> <span class='ocrx_word' id='word_1_105' title='bbox 981 1267 1072 1330; x_wconf 92' lang='lat' dir='ltr'>humi</span> <span class='ocrx_word' id='word_1_106' title='bbox 1090 1285 1122 1334; x_wconf 77' lang='lat'>21</span> 
     </span>
     <span class='ocr_line' id='line_1_14' title="bbox 56 1354 1071 1440; baseline 0.001 -22"><span class='ocrx_word' id='word_1_107' title='bbox 56 1354 146 1420; x_wconf 83' lang='lat' dir='ltr'>vidit</span> <span class='ocrx_word' id='word_1_108' title='bbox 196 1354 329 1420; x_wconf 86' lang='lat' dir='ltr'>Recenti</span> <span class='ocrx_word' id='word_1_109' title='bbox 361 1357 447 1420; x_wconf 90' lang='lat' dir='ltr'>malo</span> <span class='ocrx_word' id='word_1_110' title='bbox 476 1357 617 1439; x_wconf 89' lang='lat' dir='ltr'>priorum</span> <span class='ocrx_word' id='word_1_111' title='bbox 646 1376 772 1440; x_wconf 91' lang='lat' dir='ltr'>quoque</span> <span class='ocrx_word' id='word_1_112' title='bbox 795 1356 961 1419; x_wconf 90' lang='lat' dir='ltr'>admonita</span> <span class='ocrx_word' id='word_1_113' title='bbox 986 1375 1071 1419; x_wconf 91' lang='lat' dir='ltr'>rece·</span> 
     </span>
     <span class='ocr_line' id='line_1_15' title="bbox 57 1442 1071 1528; baseline 0 -22"><span class='ocrx_word' id='word_1_114' title='bbox 57 1446 151 1525; x_wconf 88' lang='lat' dir='ltr'>perat</span> <span class='ocrx_word' id='word_1_115' title='bbox 185 1444 220 1507; x_wconf 93' lang='lat' dir='ltr'>in</span> <span class='ocrx_word' id='word_1_116' title='bbox 256 1445 415 1528; x_wconf 80' lang='lat' dir='ltr'>gremium</span> <span class='ocrx_word' id='word_1_117' title='bbox 446 1443 572 1509; x_wconf 89' lang='lat' dir='ltr'>adultas</span> <span class='ocrx_word' id='word_1_118' title='bbox 603 1444 758 1527; x_wconf 81' lang='lat' dir='ltr'>virgines,</span> <span class='ocrx_word' id='word_1_119' title='bbox 793 1463 913 1527; x_wconf 81' lang='lat' dir='ltr'>magna</span> <span class='ocrx_word' id='word_1_120' title='bbox 926 1504 928 1508; x_wconf 80' lang='grc'>,</span> <span class='ocrx_word' id='word_1_121' title='bbox 943 1442 1071 1527; x_wconf 90' lang='lat' dir='ltr'>quidem</span> 
     </span>
     <span class='ocr_line' id='line_1_16' title="bbox 57 1528 1149 1616; baseline 0.001 -23"><span class='ocrx_word' id='word_1_122' title='bbox 57 1531 163 1602; x_wconf 86' lang='lat' dir='ltr'>mutui</span> <span class='ocrx_word' id='word_1_123' title='bbox 195 1531 313 1596; x_wconf 90' lang='lat' dir='ltr'>doloris</span> <span class='ocrx_word' id='word_1_124' title='bbox 343 1532 477 1614; x_wconf 86' lang='lat' dir='ltr'>solacia,</span> <span class='ocrx_word' id='word_1_125' title='bbox 513 1531 569 1596; x_wconf 90' lang='lat' dir='ltr'>sed</span> <span class='ocrx_word' id='word_1_126' title='bbox 600 1531 716 1616; x_wconf 90' lang='lat' dir='ltr'>quibus</span> <span class='ocrx_word' id='word_1_127' title='bbox 746 1531 818 1614; x_wconf 91' lang='lat' dir='ltr'>ipsa</span> <span class='ocrx_word' id='word_1_128' title='bbox 846 1531 976 1596; x_wconf 88' lang='lat' dir='ltr'>deberet</span> <span class='ocrx_word' id='word_1_129' title='bbox 1002 1552 1070 1595; x_wconf 88' lang='lat' dir='ltr'>esse</span> <span class='ocrx_word' id='word_1_130' title='bbox 1147 1528 1149 1532; x_wconf 72' lang='grc'><strong>’</strong></span> 
     </span>
     <span class='ocr_line' id='line_1_17' title="bbox 59 1616 1123 1702; baseline 0.006 -23"><span class='ocrx_word' id='word_1_131' title='bbox 59 1617 187 1681; x_wconf 88' lang='lat' dir='ltr'>solacio.</span> <span class='ocrx_word' id='word_1_132' title='bbox 217 1616 257 1681; x_wconf 92' lang='lat' dir='ltr'>In</span> <span class='ocrx_word' id='word_1_133' title='bbox 275 1622 448 1701; x_wconf 89' lang='lat' dir='ltr'>conspectu</span> <span class='ocrx_word' id='word_1_134' title='bbox 467 1622 536 1682; x_wconf 90' lang='lat' dir='ltr'>erat</span> <span class='ocrx_word' id='word_1_135' title='bbox 552 1639 653 1702; x_wconf 90' lang='lat' dir='ltr'>nepos</span> <span class='ocrx_word' id='word_1_136' title='bbox 670 1620 832 1702; x_wconf 83' lang='lat' dir='ltr'>parvulus,</span> <span class='ocrx_word' id='word_1_137' title='bbox 855 1619 897 1683; x_wconf 95' lang='lat' dir='ltr'>ob</span> <span class='ocrx_word' id='word_1_138' title='bbox 914 1618 948 1682; x_wconf 91' lang='lat' dir='ltr'>id</span> <span class='ocrx_word' id='word_1_139' title='bbox 966 1619 1071 1701; x_wconf 89' lang='lat' dir='ltr'>ipsum</span> <span class='ocrx_word' id='word_1_140' title='bbox 1090 1637 1123 1685; x_wconf 80' lang='lat'>22</span> 
     </span>
     <span class='ocr_line' id='line_1_18' title="bbox 59 1704 1072 1788; baseline 0.002 -22"><span class='ocrx_word' id='word_1_141' title='bbox 59 1704 265 1787; x_wconf 89' lang='lat' dir='ltr'>miserabilis,</span> <span class='ocrx_word' id='word_1_142' title='bbox 297 1705 383 1788; x_wconf 90' lang='lat' dir='ltr'>quod</span> <span class='ocrx_word' id='word_1_143' title='bbox 411 1705 555 1769; x_wconf 93' lang='lat' dir='ltr'>nondum</span> <span class='ocrx_word' id='word_1_144' title='bbox 585 1706 744 1770; x_wconf 87' lang='lat' dir='ltr'>sentiebat</span> <span class='ocrx_word' id='word_1_145' title='bbox 773 1706 1001 1786; x_wconf 88' lang='lat' dir='ltr'>calamitatem,</span> <span class='ocrx_word' id='word_1_146' title='bbox 1033 1727 1072 1768; x_wconf 86' lang='lat' dir='ltr'>ex</span> 
     </span>
     <span class='ocr_line' id='line_1_19' title="bbox 60 1790 1123 1876; baseline 0.008 -24"><span class='ocrx_word' id='word_1_147' title='bbox 60 1790 203 1854; x_wconf 86' lang='lat' dir='ltr'>maxima</span> <span class='ocrx_word' id='word_1_148' title='bbox 224 1794 314 1874; x_wconf 88' lang='lat' dir='ltr'>parte</span> <span class='ocrx_word' id='word_1_149' title='bbox 338 1792 378 1856; x_wconf 92' lang='lat' dir='ltr'>ad</span> <span class='ocrx_word' id='word_1_150' title='bbox 400 1793 506 1876; x_wconf 91' lang='lat' dir='ltr'>ipsum</span> <span class='ocrx_word' id='word_1_151' title='bbox 527 1792 768 1859; x_wconf 90' lang='lat' dir='ltr'>redundantem.</span> <span class='ocrx_word' id='word_1_152' title='bbox 804 1791 957 1858; x_wconf 79' lang='lat' dir='ltr'>Crederes</span> <span class='ocrx_word' id='word_1_153' title='bbox 975 1792 1071 1855; x_wconf 85' lang='lat' dir='ltr'>Alex·</span> <span class='ocrx_word' id='word_1_154' title='bbox 1090 1812 1123 1860; x_wconf 80' lang='lat'>23</span> 
     </span>
     <span class='ocr_line' id='line_1_20' title="bbox 60 1877 1071 1946; baseline 0.002 -4"><span class='ocrx_word' id='word_1_155' title='bbox 60 1877 198 1942; x_wconf 90' lang='lat' dir='ltr'>andrum</span> <span class='ocrx_word' id='word_1_156' title='bbox 224 1881 310 1943; x_wconf 88' lang='lat' dir='ltr'>inter</span> <span class='ocrx_word' id='word_1_157' title='bbox 336 1901 410 1944; x_wconf 90' lang='lat' dir='ltr'>suas</span> <span class='ocrx_word' id='word_1_158' title='bbox 437 1881 687 1946; x_wconf 87' lang='lat' dir='ltr'>necessitudines</span> <span class='ocrx_word' id='word_1_159' title='bbox 710 1882 785 1946; x_wconf 88' lang='lat' dir='ltr'>flere</span> <span class='ocrx_word' id='word_1_160' title='bbox 809 1884 842 1945; x_wconf 90' lang='lat' dir='ltr'>et</span> <span class='ocrx_word' id='word_1_161' title='bbox 864 1880 983 1945; x_wconf 91' lang='lat' dir='ltr'>solacia</span> <span class='ocrx_word' id='word_1_162' title='bbox 1005 1902 1071 1945; x_wconf 94' lang='lat' dir='ltr'>non</span> 
     </span>
     <span class='ocr_line' id='line_1_21' title="bbox 60 1965 1126 2051; baseline 0.003 -23"><span class='ocrx_word' id='word_1_163' title='bbox 60 1965 224 2049; x_wconf 87' lang='lat' dir='ltr'>adhibere,</span> <span class='ocrx_word' id='word_1_164' title='bbox 240 1967 310 2031; x_wconf 88' lang='lat' dir='ltr'>-sed</span> <span class='ocrx_word' id='word_1_165' title='bbox 337 1989 497 2051; x_wconf 80' lang='lat' dir='ltr'>quaerere.</span> <span class='ocrx_word' id='word_1_166' title='bbox 542 1967 622 2034; x_wconf 81' lang='lat' dir='ltr'>Cibo</span> <span class='ocrx_word' id='word_1_167' title='bbox 645 1973 729 2034; x_wconf 88' lang='lat' dir='ltr'>certe</span> <span class='ocrx_word' id='word_1_168' title='bbox 752 1969 909 2033; x_wconf 85' lang='lat' dir='ltr'>abstinuit</span> <span class='ocrx_word' id='word_1_169' title='bbox 931 1989 1070 2032; x_wconf 92' lang='lat' dir='ltr'>omnem·</span> <span class='ocrx_word' id='word_1_170' title='bbox 1122 1966 1126 1973; x_wconf 80' lang='grc'><strong>’</strong></span> 
     </span>
     <span class='ocr_line' id='line_1_22' title="bbox 60 2052 1072 2141; baseline 0.004 -25"><span class='ocrx_word' id='word_1_171' title='bbox 60 2074 121 2137; x_wconf 93' lang='lat' dir='ltr'>que</span> <span class='ocrx_word' id='word_1_172' title='bbox 152 2052 307 2119; x_wconf 89' lang='lat' dir='ltr'>honorem</span> <span class='ocrx_word' id='word_1_173' title='bbox 337 2056 442 2121; x_wconf 79' lang='lat' dir='ltr'>funeri</span> <span class='ocrx_word' id='word_1_174' title='bbox 472 2057 577 2140; x_wconf 89' lang='lat' dir='ltr'>patrio</span> <span class='ocrx_word' id='word_1_175' title='bbox 607 2056 787 2121; x_wconf 90' lang='lat' dir='ltr'>Persarum·</span> <span class='ocrx_word' id='word_1_176' title='bbox 807 2077 894 2121; x_wconf 92' lang='lat' dir='ltr'>more</span> <span class='ocrx_word' id='word_1_177' title='bbox 924 2057 1072 2141; x_wconf 81' lang='lat' dir='ltr'>servavit,</span> 
     </span>
     <span class='ocr_line' id='line_1_23' title="bbox 59 2141 1071 2228; baseline 0.003 -24"><span class='ocrx_word' id='word_1_178' title='bbox 59 2141 190 2225; x_wconf 85' lang='lat' dir='ltr'>dignus,</span> <span class='ocrx_word' id='word_1_179' title='bbox 221 2142 362 2228; x_wconf 90' lang='lat' dir='ltr'>hercule,</span> <span class='ocrx_word' id='word_1_180' title='bbox 394 2146 449 2228; x_wconf 91' lang='lat' dir='ltr'>qui</span> <span class='ocrx_word' id='word_1_181' title='bbox 475 2166 561 2209; x_wconf 90' lang='lat' dir='ltr'>nune</span> <span class='ocrx_word' id='word_1_182' title='bbox 588 2155 714 2228; x_wconf 90' lang='lat' dir='ltr'>quoque</span> <span class='ocrx_word' id='word_1_183' title='bbox 736 2149 846 2209; x_wconf 87' lang='lat' dir='ltr'>tantae</span> <span class='ocrx_word' id='word_1_184' title='bbox 870 2148 903 2209; x_wconf 89' lang='lat' dir='ltr'>et</span> <span class='ocrx_word' id='word_1_185' title='bbox 924 2165 1071 2209; x_wconf 89' lang='lat' dir='ltr'>mansue-</span> 
     </span>
     <span class='ocr_line' id='line_1_24' title="bbox 58 2229 1133 2299; baseline 0.007 -8"><span class='ocrx_word' id='word_1_186' title='bbox 58 2229 180 2293; x_wconf 89' lang='lat' dir='ltr'>tudinis</span> <span class='ocrx_word' id='word_1_187' title='bbox 203 2234 235 2293; x_wconf 90' lang='lat' dir='ltr'>et</span> <span class='ocrx_word' id='word_1_188' title='bbox 257 2232 473 2297; x_wconf 89' lang='lat' dir='ltr'>continentiae</span> <span class='ocrx_word' id='word_1_189' title='bbox 500 2232 584 2296; x_wconf 88' lang='lat' dir='ltr'>ferat</span> <span class='ocrx_word' id='word_1_190' title='bbox 608 2231 757 2297; x_wconf 84' lang='lat' dir='ltr'>fructum.</span> <span class='ocrx_word' id='word_1_191' title='bbox 807 2230 911 2296; x_wconf 85' lang='lat' dir='ltr'>Semel</span> <span class='ocrx_word' id='word_1_192' title='bbox 938 2233 1071 2297; x_wconf 93' lang='lat' dir='ltr'>omnino</span> <span class='ocrx_word' id='word_1_193' title='bbox 1090 2252 1133 2299; x_wconf 81' lang='lat'>24·</span> 
     </span>
     <span class='ocr_line' id='line_1_25' title="bbox 63 2317 1072 2404; baseline 0.003 -25"><span class='ocrx_word' id='word_1_194' title='bbox 63 2336 134 2379; x_wconf 90' lang='lat' dir='ltr'>eam</span> <span class='ocrx_word' id='word_1_195' title='bbox 157 2317 292 2403; x_wconf 88' lang='lat' dir='ltr'>viderat,</span> <span class='ocrx_word' id='word_1_196' title='bbox 315 2342 378 2404; x_wconf 91' lang='lat' dir='ltr'>qno</span> <span class='ocrx_word' id='word_1_197' title='bbox 402 2320 452 2384; x_wconf 90' lang='lat' dir='ltr'>die</span> <span class='ocrx_word' id='word_1_198' title='bbox 476 2325 569 2404; x_wconf 89' lang='lat' dir='ltr'>capta</span> <span class='ocrx_word' id='word_1_199' title='bbox 593 2323 654 2404; x_wconf 89' lang='lat' dir='ltr'>est,</span> <span class='ocrx_word' id='word_1_200' title='bbox 677 2342 736 2384; x_wconf 90' lang='lat' dir='ltr'>nec</span> <span class='ocrx_word' id='word_1_201' title='bbox 758 2323 795 2384; x_wconf 91' lang='lat' dir='ltr'>ut</span> <span class='ocrx_word' id='word_1_202' title='bbox 816 2322 934 2403; x_wconf 88' lang='lat' dir='ltr'>ipsam,</span> <span class='ocrx_word' id='word_1_203' title='bbox 959 2320 1014 2383; x_wconf 91' lang='lat' dir='ltr'>sed</span> <span class='ocrx_word' id='word_1_204' title='bbox 1036 2323 1072 2382; x_wconf 91' lang='lat' dir='ltr'>ut</span> 
     </span>
     <span class='ocr_line' id='line_1_26' title="bbox 58 2401 1161 2498; baseline 0.003 -32"><span class='ocrx_word' id='word_1_205' title='bbox 58 2401 155 2469; x_wconf 89' lang='lat' dir='ltr'>Darei</span> <span class='ocrx_word' id='word_1_206' title='bbox 195 2411 331 2470; x_wconf 89' lang='lat' dir='ltr'>matrem</span> <span class='ocrx_word' id='word_1_207' title='bbox 370 2408 506 2491; x_wconf 83' lang='lat' dir='ltr'>videret,</span> <span class='ocrx_word' id='word_1_208' title='bbox 543 2408 762 2492; x_wconf 83' lang='lat' dir='ltr'>eximiamque</span> <span class='ocrx_word' id='word_1_209' title='bbox 802 2405 1071 2490; x_wconf 90' lang='lat' dir='ltr'>pulchritudinem</span> <span class='ocrx_word' id='word_1_210' title='bbox 1154 2486 1161 2498; x_wconf 41' lang='lat'>·</span> 
     </span>
     <span class='ocr_line' id='line_1_27' title="bbox 58 2491 1072 2642; baseline 0.001 -87"><span class='ocrx_word' id='word_1_211' title='bbox 58 2491 180 2642; x_wconf 66' lang='lat' dir='ltr'>fqrmae</span> <span class='ocrx_word' id='word_1_212' title='bbox 203 2494 270 2558; x_wconf 88' lang='lat' dir='ltr'>eius</span> <span class='ocrx_word' id='word_1_213' title='bbox 294 2516 362 2559; x_wconf 94' lang='lat' dir='ltr'>non</span> <span class='ocrx_word' id='word_1_214' title='bbox 383 2496 527 2559; x_wconf 79' lang='lat' dir='ltr'>hbrdrms</span> <span class='ocrx_word' id='word_1_215' title='bbox 544 2495 707 2559; x_wconf 88' lang='lat' dir='ltr'>&#39;habuerat</span> <span class='ocrx_word' id='word_1_216' title='bbox 728 2495 988 2575; x_wconf 83' lang='lat' dir='ltr'>invitamentum,</span> <span class='ocrx_word' id='word_1_217' title='bbox 1016 2492 1072 2557; x_wconf 90' lang='lat' dir='ltr'>sed</span> 
     </span>
     <span class='ocr_line' id='line_1_28' title="bbox 59 2599 645 2664; baseline 0 -20"><span class='ocrx_word' id='word_1_218' title='bbox 59 2599 188 2664; x_wconf 82' lang='lat' dir='ltr'>gomae.</span> <span class='ocrx_word' id='word_1_219' title='bbox 641 2656 645 2664; x_wconf 16' lang='grc' dir='ltr'><strong><em>ι</em></strong></span> 
     </span>
    </p>

    <p class='ocr_par' dir='ltr' id='par_1_6' title="bbox 10 2665 1179 3636">
     <span class='ocr_line' id='line_1_29' title="bbox 10 2665 1124 2753; baseline 0.006 -24"><span class='ocrx_word' id='word_1_220' title='bbox 10 2665 60 2730; x_wconf 76' lang='lat'>42·</span> <span class='ocrx_word' id='word_1_221' title='bbox 148 2667 176 2730; x_wconf 82' lang='lat' dir='ltr'>E</span> <span class='ocrx_word' id='word_1_222' title='bbox 201 2668 409 2751; x_wconf 88' lang='lat' dir='ltr'>spadonibus,</span> <span class='ocrx_word' id='word_1_223' title='bbox 436 2671 491 2753; x_wconf 91' lang='lat' dir='ltr'>qui</span> <span class='ocrx_word' id='word_1_224' title='bbox 517 2669 603 2732; x_wconf 89' lang='lat' dir='ltr'>circa</span> <span class='ocrx_word' id='word_1_225' title='bbox 624 2668 770 2751; x_wconf 82' lang='lat' dir='ltr'>reginam</span> <span class='ocrx_word' id='word_1_226' title='bbox 793 2669 897 2749; x_wconf 90' lang='lat' dir='ltr'>erant,</span> <span class='ocrx_word' id='word_1_227' title='bbox 923 2666 1072 2750; x_wconf 82' lang='lat' dir='ltr'>Tyriotes</span> <span class='ocrx_word' id='word_1_228' title='bbox 1090 2687 1124 2736; x_wconf 78' lang='lat'>25</span> 
     </span>
     <span class='ocr_line' id='line_1_30' title="bbox 57 2754 1071 2840; baseline 0.003 -23"><span class='ocrx_word' id='word_1_229' title='bbox 57 2754 144 2817; x_wconf 91' lang='lat' dir='ltr'>inter</span> <span class='ocrx_word' id='word_1_230' title='bbox 165 2754 410 2835; x_wconf 87' lang='lat' dir='ltr'>trepidationem</span> <span class='ocrx_word' id='word_1_231' title='bbox 430 2755 608 2838; x_wconf 82' lang='lat' dir='ltr'>lugentium</span> <span class='ocrx_word' id='word_1_232' title='bbox 628 2755 754 2837; x_wconf 89' lang='lat' dir='ltr'>clapsus</span> <span class='ocrx_word' id='word_1_233' title='bbox 772 2776 829 2839; x_wconf 89' lang='lat' dir='ltr'>per</span> <span class='ocrx_word' id='word_1_234' title='bbox 847 2775 919 2836; x_wconf 84' lang='lat' dir='ltr'>eam</span> <span class='ocrx_word' id='word_1_235' title='bbox 936 2759 1071 2840; x_wconf 88' lang='lat' dir='ltr'>portam,</span> 
     </span>
     <span class='ocr_line' id='line_1_31' title="bbox 59 2841 1071 2930; baseline 0.005 -26"><span class='ocrx_word' id='word_1_236' title='bbox 59 2863 155 2926; x_wconf 91' lang='lat' dir='ltr'>quae,</span> <span class='ocrx_word' id='word_1_237' title='bbox 179 2841 255 2924; x_wconf 91' lang='lat' dir='ltr'>quia</span> <span class='ocrx_word' id='word_1_238' title='bbox 278 2841 319 2905; x_wconf 92' lang='lat' dir='ltr'>ab</span> <span class='ocrx_word' id='word_1_239' title='bbox 342 2842 434 2905; x_wconf 90' lang='lat' dir='ltr'>hoste</span> <span class='ocrx_word' id='word_1_240' title='bbox 458 2864 570 2906; x_wconf 88' lang='lat' dir='ltr'>aversa</span> <span class='ocrx_word' id='word_1_241' title='bbox 592 2844 673 2924; x_wconf 89' lang='lat' dir='ltr'>erat,</span> <span class='ocrx_word' id='word_1_242' title='bbox 700 2843 801 2907; x_wconf 89' lang='lat' dir='ltr'>levius</span> <span class='ocrx_word' id='word_1_243' title='bbox 825 2843 1071 2930; x_wconf 90' lang='lat' dir='ltr'>custodiebatur,</span> 
     </span>
     <span class='ocr_line' id='line_1_32' title="bbox 59 2929 1071 3016; baseline 0.004 -23"><span class='ocrx_word' id='word_1_244' title='bbox 59 2930 100 2993; x_wconf 91' lang='lat' dir='ltr'>ad</span> <span class='ocrx_word' id='word_1_245' title='bbox 127 2929 226 2992; x_wconf 87' lang='lat' dir='ltr'>Darei</span> <span class='ocrx_word' id='word_1_246' title='bbox 258 2933 364 2993; x_wconf 88' lang='lat' dir='ltr'>castra</span> <span class='ocrx_word' id='word_1_247' title='bbox 393 2930 539 3013; x_wconf 87' lang='lat' dir='ltr'>pervenit</span> <span class='ocrx_word' id='word_1_248' title='bbox 564 2933 774 3015; x_wconf 85' lang='lat' dir='ltr'>exceptusque</span> <span class='ocrx_word' id='word_1_249' title='bbox 807 2954 827 2997; x_wconf 89' lang='lat' dir='ltr'>a</span> <span class='ocrx_word' id='word_1_250' title='bbox 857 2932 1007 3016; x_wconf 80' lang='lat' dir='ltr'>vigilibus</span> <span class='ocrx_word' id='word_1_251' title='bbox 1035 2934 1071 2997; x_wconf 91' lang='lat' dir='ltr'>in</span> 
     </span>
     <span class='ocr_line' id='line_1_33' title="bbox 58 3017 1070 3104; baseline 0.005 -24"><span class='ocrx_word' id='word_1_252' title='bbox 58 3017 301 3082; x_wconf 87' lang='lat' dir='ltr'>tabernaculum</span> <span class='ocrx_word' id='word_1_253' title='bbox 323 3018 409 3102; x_wconf 83' lang='lat' dir='ltr'>regis</span> <span class='ocrx_word' id='word_1_254' title='bbox 431 3019 626 3103; x_wconf 89' lang='lat' dir='ltr'>perducitur,</span> <span class='ocrx_word' id='word_1_255' title='bbox 658 3022 787 3104; x_wconf 83' lang='lat' dir='ltr'>gemens</span> <span class='ocrx_word' id='word_1_256' title='bbox 818 3023 851 3084; x_wconf 88' lang='lat' dir='ltr'>et</span> <span class='ocrx_word' id='word_1_257' title='bbox 876 3024 963 3085; x_wconf 83' lang='lat' dir='ltr'>veste</span> <span class='ocrx_word' id='word_1_258' title='bbox 990 3022 1070 3084; x_wconf 88' lang='lat' dir='ltr'>laee-</span> 
     </span>
     <span class='ocr_line' id='line_1_34' title="bbox 58 3104 1122 3191; baseline 0.008 -24"><span class='ocrx_word' id='word_1_259' title='bbox 58 3107 138 3168; x_wconf 90' lang='lat' dir='ltr'>rata.</span> <span class='ocrx_word' id='word_1_260' title='bbox 188 3104 290 3181; x_wconf 81' lang='lat' dir='ltr'>Quem</span> <span class='ocrx_word' id='word_1_261' title='bbox 316 3109 354 3170; x_wconf 90' lang='lat' dir='ltr'>nt</span> <span class='ocrx_word' id='word_1_262' title='bbox 385 3107 551 3191; x_wconf 83' lang='lat' dir='ltr'>conspexit</span> <span class='ocrx_word' id='word_1_263' title='bbox 578 3106 714 3191; x_wconf 85' lang='lat' dir='ltr'>Dareus,</span> <span class='ocrx_word' id='word_1_264' title='bbox 745 3108 917 3191; x_wconf 87' lang='lat' dir='ltr'>multiplici</span> <span class='ocrx_word' id='word_1_265' title='bbox 951 3108 1069 3172; x_wconf 89' lang='lat' dir='ltr'>doloris</span> <span class='ocrx_word' id='word_1_266' title='bbox 1088 3128 1122 3176; x_wconf 80' lang='lat'>26</span> 
     </span>
     <span class='ocr_line' id='line_1_35' title="bbox 64 3194 1069 3280; baseline 0.005 -26"><span class='ocrx_word' id='word_1_267' title='bbox 64 3194 284 3275; x_wconf 90' lang='lat' dir='ltr'>expectatione</span> <span class='ocrx_word' id='word_1_268' title='bbox 315 3198 493 3259; x_wconf 87' lang='lat' dir='ltr'>commotus</span> <span class='ocrx_word' id='word_1_269' title='bbox 511 3199 568 3275; x_wconf 89' lang='lat' dir='ltr'>et,</span> <span class='ocrx_word' id='word_1_270' title='bbox 600 3196 676 3280; x_wconf 90' lang='lat' dir='ltr'>quid</span> <span class='ocrx_word' id='word_1_271' title='bbox 702 3197 906 3279; x_wconf 88' lang='lat' dir='ltr'>potissimum</span> <span class='ocrx_word' id='word_1_272' title='bbox 933 3196 1069 3280; x_wconf 86' lang='lat' dir='ltr'>timeret,</span> 
     </span>
     <span class='ocr_line' id='line_1_36' title="bbox 59 3280 1068 3368; baseline 0.003 -25"><span class='ocrx_word' id='word_1_273' title='bbox 59 3280 213 3364; x_wconf 88' lang='lat' dir='ltr'>incertus,</span> <span class='ocrx_word' id='word_1_274' title='bbox 247 3280 379 3346; x_wconf 72' lang='lat' dir='ltr'>‘Vultus</span> <span class='ocrx_word' id='word_1_275' title='bbox 387 3281 405 3366; x_wconf 82' lang='lat'>⁹,</span> <span class='ocrx_word' id='word_1_276' title='bbox 436 3284 554 3367; x_wconf 91' lang='lat' dir='ltr'>inquit,</span> <span class='ocrx_word' id='word_1_277' title='bbox 587 3284 676 3348; x_wconf 72' lang='lat' dir='ltr'>‘tuus</span> <span class='ocrx_word' id='word_1_278' title='bbox 705 3285 812 3348; x_wconf 90' lang='lat' dir='ltr'>nescio</span> <span class='ocrx_word' id='word_1_279' title='bbox 841 3283 926 3367; x_wconf 91' lang='lat' dir='ltr'>quod</span> <span class='ocrx_word' id='word_1_280' title='bbox 952 3284 1068 3368; x_wconf 87' lang='lat' dir='ltr'>ingens</span> 
     </span>
     <span class='ocr_line' id='line_1_37' title="bbox 58 3367 1068 3454; baseline 0.004 -24"><span class='ocrx_word' id='word_1_281' title='bbox 58 3367 179 3434; x_wconf 88' lang='lat' dir='ltr'>malum</span> <span class='ocrx_word' id='word_1_282' title='bbox 200 3370 350 3453; x_wconf 88' lang='lat' dir='ltr'>praefert,</span> <span class='ocrx_word' id='word_1_283' title='bbox 373 3372 428 3435; x_wconf 94' lang='lat' dir='ltr'>sed</span> <span class='ocrx_word' id='word_1_284' title='bbox 452 3372 661 3435; x_wconf 64' lang='lat' dir='ltr'>cavc‘mis&#39;eri</span> <span class='ocrx_word' id='word_1_285' title='bbox 682 3370 823 3434; x_wconf 92' lang='lat' dir='ltr'>hominis</span> <span class='ocrx_word' id='word_1_286' title='bbox 846 3371 976 3434; x_wconf 90' lang='lat' dir='ltr'>auribus</span> <span class='ocrx_word' id='word_1_287' title='bbox 996 3392 1068 3454; x_wconf 90' lang='lat' dir='ltr'>par-</span> 
     </span>
     <span class='ocr_line' id='line_1_38' title="bbox 58 3455 1179 3543; baseline -0.001 -26"><span class='ocrx_word' id='word_1_288' title='bbox 58 3475 128 3526; x_wconf 86' lang='lat' dir='ltr'>cas:</span> <span class='ocrx_word' id='word_1_289' title='bbox 155 3455 250 3521; x_wconf 89' lang='lat' dir='ltr'>didici</span> <span class='ocrx_word' id='word_1_290' title='bbox 276 3479 345 3522; x_wconf 90' lang='lat' dir='ltr'>esse</span> <span class='ocrx_word' id='word_1_291' title='bbox 372 3458 496 3542; x_wconf 87' lang='lat' dir='ltr'>infelix,</span> <span class='ocrx_word' id='word_1_292' title='bbox 524 3462 557 3523; x_wconf 90' lang='lat' dir='ltr'>et</span> <span class='ocrx_word' id='word_1_293' title='bbox 583 3458 678 3543; x_wconf 84' lang='lat' dir='ltr'>saepe</span> <span class='ocrx_word' id='word_1_294' title='bbox 701 3458 896 3522; x_wconf 86' lang='lat' dir='ltr'>calamitatis</span> <span class='ocrx_word' id='word_1_295' title='bbox 916 3458 1084 3521; x_wconf 67' lang='lat' dir='ltr'>solacium</span> <span class='ocrx_word' id='word_1_296' title='bbox 1172 3487 1179 3496; x_wconf 80' lang='lat'>=</span> 
     </span>
     <span class='ocr_line' id='line_1_39' title="bbox 61 3540 1164 3636; baseline -0.005 -31"><span class='ocrx_word' id='word_1_297' title='bbox 61 3544 113 3606; x_wconf 87' lang='lat' dir='ltr'>est</span> <span class='ocrx_word' id='word_1_298' title='bbox 133 3563 228 3608; x_wconf 89' lang='lat' dir='ltr'>nosse</span> <span class='ocrx_word' id='word_1_299' title='bbox 249 3549 368 3610; x_wconf 85' lang='lat' dir='ltr'>sortem</span> <span class='ocrx_word' id='word_1_300' title='bbox 390 3568 491 3613; x_wconf 88' lang='lat' dir='ltr'>suam.</span> <span class='ocrx_word' id='word_1_301' title='bbox 536 3543 639 3635; x_wconf 87' lang='lat' dir='ltr'>Num,</span> <span class='ocrx_word' id='word_1_302' title='bbox 662 3547 754 3636; x_wconf 85' lang='lat' dir='ltr'>quod</span> <span class='ocrx_word' id='word_1_303' title='bbox 773 3546 926 3611; x_wconf 70' lang='lat' dir='ltr'>maxime</span> <span class='ocrx_word' id='word_1_304' title='bbox 948 3540 1108 3617; x_wconf 59' lang='lat' dir='ltr'>susqxscx</span> <span class='ocrx_word' id='word_1_305' title='bbox 1121 3547 1164 3593; x_wconf 63' lang='lat' dir='ltr'>nn</span> 
     </span>
    </p>
   </div>
   <div class='ocr_carea' id='block_1_3' title="bbox 0 0 1217 3892">
    <p class='ocr_par' dir='ltr' id='par_1_7' title="bbox 0 0 1217 3892">
     <span class='ocr_line' id='line_1_40' title="bbox 0 0 1217 3892; baseline 0 0"><span class='ocrx_word' id='word_1_306' title='bbox 0 0 1217 3892; x_wconf 95' lang='lat' dir='ltr'> </span> 
     </span>
    </p>
   </div>
  </div>
 </body>
</html>
