2422 3892
264 170 847 261 111010011001111011100011111,
866 181 908 229 11.
1025 175 1092 241 215

82 319 228 404 corporis
247 320 395 385 custodes
418 319 510 404 sequi
532 340 567 384 se
590 318 681 384 iubet
702 319 888 402 primusque
910 319 1034 384 invadit
1056 321 1092 384 in

84 430 205 492 rupem.
254 407 322 473 Nec
351 407 463 473 deinde
496 407 667 492 quisquam
697 406 912 473 Mocedonum
945 406 1093 472 substitit

84 497 268 580 relictisque
292 495 487 561 stationibus
515 518 574 560 sua
597 498 710 579 sponte
732 516 843 580 regem
866 495 1092 580 sequebantur.

84 583 262 649 Multorum
294 584 487 649 miserabilis
515 584 577 648 fuit
604 605 711 667 casus,
743 606 824 669 quos
852 606 891 649 ex
916 588 1091 667 praerupta
1110 592 1145 642 1²

84 694 163 756 rupe
186 673 295 756 lapsos
318 673 422 737 amnis
444 671 675 755 praeterfluens
697 671 819 753 hausit,
848 671 943 737 triste
967 677 1092 755 specte·

84 761 192 825 culum
229 760 326 825 etiam
358 782 424 825 non
455 760 728 843 periclitantibus:
765 782 837 825 cum
873 781 949 825 vero
985 760 1091 825 alieno

84 848 198 933 exitio,
224 848 300 932 quid
327 849 407 932 ipsis
435 848 613 913 timendum
639 846 739 932 foret,
767 848 1028 932 admonerentur,
1058 848 1093 912 in

84 939 207 1001 metum
234 936 455 1001 misericordia
481 957 575 1001 versa
600 957 667 1000 non
695 936 866 1020 extinctos,
893 936 949 1002 sed
977 939 1091 1002 semet-

84 1023 174 1106 ipsos
192 1023 361 1088 deflebant.
400 1024 445 1088 Et
468 1024 533 1089 iam
557 1045 594 1088 eo
612 1026 802 1108 perventum
821 1027 899 1108 erat,
921 1025 1004 1089 unde
1023 1025 1092 1089 sine
1111 1032 1144 1081 1³

84 1111 226 1194 pernicie
244 1110 308 1175 nisi
326 1112 465 1177 victores
484 1111 589 1175 redire
610 1133 676 1176 non
693 1117 835 1195 possent,
852 1113 997 1197 ingentia
1016 1134 1093 1177 saxa

84 1198 119 1262 in
139 1199 311 1263 subeuntes
330 1200 594 1282 provolventibus
612 1199 769 1284 barbaris,
792 1200 863 1283 quis
881 1201 1022 1283 perculsi
1044 1201 1092 1263 in-

85 1285 199 1350 stabili
222 1289 256 1350 et
277 1287 401 1352 lubrico
425 1288 526 1372 gradu
551 1287 746 1371 praecipites
774 1288 970 1353 recidebant.
1010 1287 1093 1352 Eva·
1112 1295 1146 1345 14

85 1378 195 1439 serant
220 1378 328 1440 tamen
355 1375 539 1440 Alexander
569 1379 603 1440 ct
629 1373 755 1441 Charus
760 1425 770 1460 ,
804 1397 885 1459 quos
917 1397 990 1440 cum
1021 1393 1094 1439 xxx

86 1461 219 1527 delectis
250 1464 463 1547 praemiserat
489 1486 558 1546 rex,
589 1468 622 1528 et
648 1464 714 1527 iam
741 1483 885 1548 pugnare
914 1463 1093 1529 comminus

84 1553 271 1633 coeperant:
299 1551 355 1615 sed
382 1574 454 1616 cum
483 1573 621 1634 superne
648 1552 715 1616 tela
741 1552 873 1616 barbari
900 1552 1094 1637 ingererent,

86 1641 214 1720 saepius
233 1638 297 1720 ipsi
315 1638 516 1703 feriebantur
534 1661 630 1723 quam
651 1640 873 1704 vulnerabant.
911 1638 1001 1724 Ergo
1020 1639 1094 1702 Ale·
1114 1644 1147 1694 1⁶

85 1724 206 1788 xander
229 1729 262 1787 et
282 1725 423 1790 nominis
447 1727 497 1790 sui
520 1731 553 1790 et
569 1727 720 1809 promissi
740 1747 872 1810 memor,
894 1726 970 1790 dum
988 1727 1094 1790 acrius

87 1834 184 1895 quam
220 1813 346 1876 cautius
382 1813 526 1895 dimicat,
563 1813 731 1878 confossus
766 1813 906 1896 cmdique
938 1813 1094 1877 obruitur.

85 1898 189 1974 Quem
212 1902 249 1963 ut
271 1896 397 1965 Charus
419 1901 578 1965 iacentem
602 1901 777 1984 conspexit,
799 1921 890 1964 ruere
913 1901 948 1964 in
965 1901 1093 1966 hostem
1114 1908 1147 1958 16

87 1987 230 2052 omnium
253 1994 382 2071 praeter
404 1989 563 2054 ultionem
591 1988 760 2053 immemor
782 1988 889 2072 coepit
911 1989 1094 2073 multosque

85 2075 189 2159 hasta,
205 2076 361 2160 quosdam
375 2077 483 2162 gladio
498 2077 672 2143 interemit.
705 2074 766 2141 Sed
782 2097 853 2141 cum
866 2079 918 2142 tot
933 2099 1032 2141 unum
1047 2079 1095 2140 iu-

87 2167 248 2228 cessarent
266 2186 394 2249 manus,
417 2186 513 2249 super
537 2164 632 2231 amici
655 2187 769 2248 corpus
793 2164 965 2249 procubuit
988 2164 1095 2229 axani·

87 2251 158 2316 mis.
207 2250 303 2316 Haud
334 2274 438 2338 secus,
466 2275 562 2338 qnam
585 2275 644 2336 par
668 2258 750 2331 erat,
777 2253 1094 2336 promptissimorum
1114 2260 1146 2310 11

85 2339 237 2404 iuvenum
257 2344 496 2425 ceterorumque
519 2342 661 2405 militum
679 2341 813 2404 interitu
836 2342 1016 2405 commotus
1038 2360 1095 2403 rex

86 2428 216 2511 signnm
243 2433 352 2512 recept
352 2430 386 2494 ui
337 2430 509 2495 tdedit.
559 2426 665 2492 Saluti
695 2427 771 2511 fuit,
802 2426 887 2511 quod
915 2427 1035 2491 sensim
1062 2428 1147 2489 0118

86 2515 239 2600 intrepidi
270 2539 304 2582 sc
336 2520 526 2602 receperunt
558 2519 591 2579 et
622 2515 752 2579 barbari
778 2514 855 2578 host
840 2517 905 2578 tem
934 2512 1094 2596 depulisse

37 2606 231 2672 4100110011
260 2625 326 2669 non
357 2606 504 2669 institere
532 2603 727 2667 cedentibus
777 2599 837 2665 Oet
822 2604 927 2665 terum
957 2600 1095 2664 Alexan·
1115 2609 1147 2657 19

87 2691 144 2754 der
167 2712 239 2755 cum
262 2693 432 2757 statuisset
452 2691 607 2755 desistere
631 2690 830 2772 11100010-
859 2688 978 2772 quippe
1004 2687 1096 2751 nulla

87 2799 160 2860 spes
191 2779 364 2861 potiundae
390 2782 499 2862 petrae
528 2778 723 2843 offerebatur
751 2812 790 2823 -
820 2779 929 2841 tamen
956 2776 1096 2860 speciem

87 2866 230 2930 ostendit
247 2866 282 2930 in
300 2867 467 2931 obsidione
484 2865 733 2949 perseverantis,
756 2887 831 2929 nam
855 2866 888 2928 et
904 2864 1022 2929 itinera
1039 2863 1096 2928 ob·

87 2954 184 3018 sideri
208 2954 304 3019 iussit
327 2958 358 3019 et
380 2959 486 3020 turres
510 2953 672 3019 admoveri
695 2957 728 3017 et
748 2953 896 3039 fatigatis
920 2953 1001 3017 alios
1026 2973 1094 3016 suc·

86 3043 205 3107 cedere.
247 3041 345 3108 Cuius
363 3042 541 3127 pertinacia
559 3042 691 3127 cognita
707 3041 779 3107 Iudi
798 3063 856 3124 per
874 3040 1006 3105 biduum
1026 3039 1094 3123 qui·
1113 3048 1148 3097 20

87 3130 159 3194 dem
192 3152 229 3196 ac
262 3131 340 3196 duas
368 3134 480 3195 noctes
512 3151 584 3195 cum
616 3129 831 3195 ostentatione
863 3149 929 3192 non
960 3127 1095 3192 fiduciae

58 3244 61 3249 ·
87 3219 197 3301 modo,
221 3220 397 3284 sedetiam
420 3217 574 3282 victoriae
598 3217 721 3301 epulati
749 3220 834 3300 sunt,
856 3218 1013 3299 tympana
1037 3236 1094 3279 suo

87 3327 176 3369 more
199 3308 375 3388 pulsantes.
424 3305 533 3371 Tertia
555 3327 632 3370 vero
655 3309 750 3370 nocte
772 3266 1003 3388 tympanorum
1026 3302 1094 3386 qui·
1113 3311 1146 3360 2¹

86 3393 218 3458 damst
187 3396 342 3478 strepitus
370 3395 510 3459 desierat
537 3393 653 3476 audiri,
681 3395 731 3457 cet
729 3413 822 3457 erum
850 3394 943 3457 exto
925 3395 1096 3489 otapetra

86 3481 174 3547 faces
198 3482 417 3568 refulgebant,
439 3504 520 3567 quas
543 3481 759 3547 accenderant
776 3479 928 3559 barbam
942 3477 1116 3539 01001100

84 3574 171 3634 esset
185 3570 268 3653 ipsis
288 3571 370 3659 fuga
393 3571 533 3640 obscura
554 3576 656 3640 nocte
678 3593 741 3656 per
757 3568 858 3634 invia
872 3584 962 3630 saxa.
977 3552 1150 3618 0000010
