2422 3892
120 122 183 186 168
490 122 522 187 Q.
542 121 651 176 CURTI
669 123 756 177 RUFI

83 267 236 350 squippe
264 287 302 329 ex
331 265 416 329 edito
444 269 554 329 monte
582 269 696 330 cuncta
723 242 962 349 prospexerant
1015 267 1137 353 Itaque

118 361 247 439 postero
270 354 321 418 dic
344 354 461 417 misere
483 353 609 437 legatos
633 353 672 416 ad
696 375 814 438 regem.
861 354 947 430 Quos
976 355 1038 420 ille
1062 378 1136 440 pro

118 445 206 508 tinus
238 442 334 505 iussit
366 440 495 504 admitti
523 443 701 525 solutisque
733 442 841 507 fasciis
869 442 1136 528 magnitudinem

58 585 61 588 .
84 554 98 600 e
118 530 258 595 vulneris
282 530 491 593 dissimulans
514 551 586 593 crus
609 530 758 594 barbaris
782 531 931 595 ostendit.
970 531 1028 597 Illi
1052 534 1137 599 iussi

118 619 282 684 considere
311 617 494 700 adfirmant,
521 639 586 681 non
613 617 804 682 Macedones
833 641 929 703 quam
956 620 1049 703 ipsos
1078 623 1137 686 tri·

119 709 234 772 stiores
253 706 353 769 fuisse
372 706 503 788 cognito
522 707 652 770 vulnere
670 706 786 790 ipsius,
805 707 895 771 cuius
915 707 942 770 si
961 713 1135 774 auctorem

83 819 97 863 r
118 794 347 878 repperissent,
374 792 537 857 dedituros
560 794 673 858 fuisse:
705 816 778 858 eum
800 794 849 859 dis
873 794 958 858 enim
980 818 1137 879 pugnare

120 883 295 965 sacrilegos
309 884 445 946 tantum.
483 879 634 946 Ceterum
649 904 682 946 se
702 887 831 967 gentem
845 883 880 947 in
897 883 992 947 fidem
1013 885 1136 951 dedere

119 974 287 1054 superatos
309 971 429 1034 virtute
451 970 548 1034 illius.
593 969 662 1033 Rex
685 970 747 1034 fide
771 969 847 1034 data
865 975 898 1035 et
916 972 1059 1054 captivis
1084 997 1137 1039 re-

84 1081 99 1128 e
119 1059 222 1141 ceptis
239 1061 369 1142 gentem
382 1059 417 1122 in
432 1058 624 1122 deditionem
640 1059 769 1141 ⁴accepit.
803 1055 926 1123 Castris
940 1059 1015 1137 inde
1030 1063 1137 1128 motis

118 1148 233 1212 lectica
255 1147 390 1211 militari
412 1147 589 1229 ferebatur,
613 1168 708 1230 quam
731 1168 790 1230 pro
814 1167 848 1210 se
873 1147 1009 1231 quisque
1032 1170 1138 1234 eques

118 1236 277 1319 pedesque
300 1235 407 1299 subire
436 1235 612 1298 certabant.
652 1233 802 1317 Equites,
830 1256 902 1299 cum
925 1236 1046 1318 quibus
1076 1261 1138 1304 rex

117 1325 243 1408 proelia
265 1324 346 1388 inire
370 1323 485 1387 solitus
510 1326 593 1405 erat,
623 1323 672 1386 sui
696 1323 837 1387 muneris
865 1323 899 1386 id
922 1344 991 1387 esse
1021 1347 1139 1394 cense-

117 1415 209 1477 bant:
238 1411 362 1493 pedites
391 1415 517 1493 contra,
544 1432 615 1473 cum
643 1410 768 1475 saucios
797 1411 1039 1478 commilitones
1069 1417 1139 1499 ipsi

117 1504 246 1584 gestare
270 1498 504 1578 adsuevissent,
526 1497 607 1580 eripi
625 1498 688 1560 sibi
710 1499 875 1581 proprium
895 1499 1041 1565 officium
1061 1507 1140 1569 tum

117 1587 337 1671 potissimum,
369 1607 441 1650 cnm
473 1607 530 1650 rex
562 1586 736 1669 gestandus
769 1590 865 1670 esset,
900 1588 1140 1670 querebantur.

83 1697 98 1744 e
117 1676 187 1740 Rex
209 1675 243 1739 in
266 1678 359 1739 tanto
381 1675 549 1759 utriusque
574 1675 677 1757 partis
701 1675 875 1739 certamine
898 1678 932 1739 et
955 1675 1019 1740 sibi
1046 1679 1139 1745 diffi-

117 1765 212 1830 cilem
236 1768 269 1828 et
295 1763 479 1847 praeteritis
503 1784 633 1848 gravem
656 1763 846 1827 electionem
869 1763 1011 1828 futuram
1038 1772 1140 1835 ratus

118 1854 255 1917 invicem
279 1852 387 1916 subire
410 1873 465 1916 eos
488 1851 591 1916 iussit.

66 1961 98 2010 ιο
206 1941 291 2004 Hine
310 1945 426 2023 quarto
449 1940 501 2003 dic
524 1938 563 2002 ad
587 1940 700 2003 urbem
718 1939 912 2004 Maracanda
934 1947 1140 2022 perventum
1149 1947 1184 2010 26

118 2033 167 2093 est
193 2065 229 2074 —
255 2045 327 2090 Lxx
350 2027 455 2092 stadia
477 2048 586 2089 murus
614 2027 703 2090 urbis
729 2029 945 2112 amplectitur,
973 2051 1035 2093 arx
1066 2033 1139 2100 alio

118 2115 259 2199 cingitur
281 2136 373 2178 muro
399 2151 437 2159 —
463 2136 500 2178 ao
521 2114 682 2195 praesidio
706 2116 795 2179 urbis
822 2116 935 2180 relicto
958 2119 1139 2199 proximos

117 2204 205 2268 vicos
230 2202 442 2285 depopulatur
465 2206 561 2284 atque
585 2202 658 2266 urit.

67 2312 95 2359 11
205 2290 321 2375 Legati
349 2290 461 2354 deinde
484 2290 641 2355 Abiorum
665 2289 859 2375 Scytharum
887 2297 1139 2383 superveniunt,

116 2380 223 2463 liberi,
247 2402 285 2444 ex
304 2400 368 2462 quo
392 2379 572 2443 decesserat
590 2375 707 2461 Cyrus,
729 2383 798 2443 turn
820 2381 980 2463 imperata
998 2381 1138 2452 facturi

116 2469 316 2534 Iustissimos
340 2468 553 2532 barbarorum
577 2468 761 2532 constabat:
785 2468 882 2532 armis
909 2469 1139 2559 abstinebant,

116 2558 180 2622 nisi
207 2557 360 2621 lacessiti:
391 2557 552 2621 libertatis
580 2556 706 2619 modico
735 2560 767 2619 et
788 2557 923 2640 ⁴aequali
951 2579 1012 2621 usu
1040 2563 1138 2644 prin-

67 2666 97 2714 12
117 2646 241 2728 cipibus
264 2645 452 2709 humiliores
476 2666 570 2727 pares
593 2643 745 2708 fecerant.
785 2642 855 2708 Hos
878 2644 1016 2729 benigne
1042 2650 1139 2716 adlo-

119 2738 211 2798 cutus
237 2732 276 2796 ad
296 2754 349 2797 eos
370 2731 523 2815 Scythas,
548 2733 602 2815 qui
619 2731 783 2814 Europam
803 2733 962 2816 incolunt,
984 2732 1138 2804 Berdam

117 2821 273 2903 quendam
306 2820 395 2883 misit
427 2842 466 2883 ex
498 2821 624 2901 amicis,
662 2821 716 2903 qui
749 2820 953 2887 denuntiaret
984 2820 1058 2906 his,
1092 2848 1139 2891 ne

117 2907 242 2970 Tanain
267 2928 394 2970 amnem
417 2908 541 2971 iniussu
565 2906 651 2990 regis
673 2909 857 2972 transirent.
897 2908 1013 2972 Eidem
1038 2933 1139 2979 man-

117 2997 242 3077 datum,
266 2997 303 3058 ut
321 2996 591 3077 contemplaretur
615 2995 759 3060 locorum
778 2997 877 3060 situm
896 3000 928 3060 et
950 2997 1025 3060 illos
1053 3022 1140 3084 quo-

118 3106 178 3168 que
212 3082 364 3166 Scythas,
401 3083 456 3166 qni
493 3104 587 3165 super
618 3082 800 3167 Bosporum
838 3085 961 3174 colunt,
997 3084 1140 3156 viseret.

66 3193 97 3241 re
118 3171 310 3237 Condendae
338 3171 411 3235 urbi
441 3169 548 3235 sedem
579 3193 674 3254 super
695 3173 800 3256 ripam
824 3172 945 3236 Tanais
975 3172 1140 3264 elegerat,

117 3261 296 3324 claustrum
320 3262 353 3324 et
375 3260 440 3323 iam
463 3259 716 3342 perdomitorum
740 3264 773 3324 et
801 3265 879 3343 quot
902 3261 1015 3325 deinde
1040 3265 1140 3332 adire

118 3348 310 3412 decreverat.
357 3346 419 3412 Sed
442 3348 613 3412 consilium
638 3347 765 3411 distulit
789 3347 1024 3433 Sogdianorum
1049 3373 1140 3420 nun·

66 3457 98 3505 14
118 3437 200 3501 tiata
214 3435 361 3520 defectio,
381 3459 462 3521 quae
475 3435 666 3500 Bactrianos
685 3457 812 3519 quoque
831 3437 940 3501 traxit.
972 3455 1022 3500 vn
1037 3440 1142 3509 milia

112 3524 261 3608 equitum
277 3528 378 3611 erant,
398 3545 535 3610 quorum
549 3523 775 3589 auctoritatem
791 3527 887 3588 ceteri
902 3526 1140 3607 sequebantur.
