2422 3892
128 147 194 212 250
292 153 295 159 ’
504 145 536 212 Q.
557 144 666 201 CURTI
683 144 770 200 RUl'l

128 289 413 482 tritam?
419 290 676 444 ’.rtttttt
699 287 1143 441 tttt.ttt.{¹¹¹st⁰

129 469 227 551 guina
243 467 432 532 coniunctus
451 470 571 532 eratt
539 471 571 532 et
591 466 721 552 quidam
734 464 886 549 Philippo
901 465 1048 545 genitum
1068 486 1142 530 esse

72 567 109 616 23
129 557 313 640 credebant,
344 558 429 620 certe
460 555 563 639 pelice
591 555 658 619 eius
686 559 793 618 ortum
822 554 1002 618 constabat.
1048 552 1143 618 Idem

129 645 271 729 eorporis
309 648 418 709 custos
454 642 778 727 promptissimusque
813 641 913 705 bellat
899 645 951 705 tor
983 644 1016 706 et
1047 641 1141 724 pacis

129 734 252 797 artibus
276 753 372 815 quam
395 730 529 796 militiae
551 731 655 796 maior
679 733 711 795 et
734 728 866 795 clarior.
888 729 1013 795 modico
1038 729 1142 794 civili·

129 842 190 904 que
213 820 279 885 cult
265 825 310 902 t,u
333 820 510 883 liberalis
500 819 671 903 inprimis
694 818 848 903 adituque
871 817 970 912 facili,
992 817 1078 882 nihil
1102 839 1142 882 ex

73 917 110 966 24
128 907 217 972 fastu
238 908 348 990 regiae
367 907 598 991 adsumpserat.
575 906 692 972 tOb
715 907 796 971 haee
817 907 888 989 regi
911 904 954 971 'au
975 906 1142 989 populari·

129 995 189 1060 bus
214 995 319 1060 carior
342 1000 440 1080 esset,
463 995 555 1060 dubit
541 997 606 1061 tari
627 998 768 1078 poterat.
795 997 866 1059 tum
889 997 974 1059 certe
997 995 1141 1077 primum

129 1086 278 1168 expertus
301 1105 433 1149 suorum
456 1084 594 1186 animos,
622 1083 701 1148 adeo
723 1085 762 1147 ut
783 1083 993 1166 fortunamf
983 1104 1019 1146 ιιι
1041 1103 1142 1166 quam

129 1176 243 1255 postea
274 1172 497 1257 ascendit,1n
524 1172 583 1236 illo
615 1171 757 1255 periculo
783 1170 975 1236 Macedones
1003 1171 1142 1236 ominati

73 1269 111 1319 to
131 1282 200 1326 esse
231 1261 362 1326 videant
347 1264 409 1325 t.ur
464 1259 589 1344 Quippe
625 1282 692 1325 non
726 1259 829 1325 levior
860 1259 927 1323 illie
959 1258 1142 1324 Ptolemaei

128 1348 192 1414 fuit
177 1353 300 1434 tcura,
323 1370 420 1434 quam
443 1349 539 1435 regis.
581 1347 644 1425 Qui
666 1351 699 1412 et
720 1347 902 1431 proelioet
869 1346 1141 1414 esollicitudine

129 1436 177 1501 fat
163 1437 287 1523 tigatus
319 1458 392 1501 curn
422 1435 610 1502 Ptolemaeo
643 1434 816 1519 adsideret,
847 1435 981 1518 lectum,
1010 1436 1045 1499 in
1076 1457 1141 1520 quo

76 1524 199 1607 etipse
223 1523 455 1608 adquiesceret,
477 1523 575 1588 iussit
596 1522 716 1588 inferri.
760 1521 917 1606 Inquem
939 1485 981 1587 ud
1000 1545 1034 1588 se
1057 1545 1142 1589 rece-

128 1612 191 1696 pit,
223 1611 371 1694 protinus
403 1612 499 1677 altior
531 1611 693 1677 insecutus
725 1614 775 1676 est
807 1633 947 1676 somnus.
991 1611 1044 1676 Ex
1077 1634 1141 1697 quo

118 1701 288 1766 excitatus
312 1722 369 1783 per
392 1702 531 1787 quietem
553 1701 675 1766 vidisse
698 1721 732 1766 se
755 1701 887 1784 exponit
910 1700 1050 1785 speciem
1071 1701 1142 1765 dra·

130 1790 219 1855 conis
247 1789 391 1855 oblatam
417 1790 552 1856 herbam
578 1789 713 1856 ferentis
741 1811 809 1874 ore,
835 1810 931 1874 quarn
954 1789 1069 1852 veneni
1092 1811 1142 1853 re-

129 1879 271 1943 medium
294 1900 364 1943 esse
387 1882 613 1944 monstrasset:
637 1879 777 1944 colorem
800 1898 927 1962 quoque
949 1876 1071 1942 herbae
1093 1899 1142 1942 re·

129 1965 269 2049 ferebat,
302 1964 524 2050 adgniturum,
555 1966 584 2030 si
612 1967 684 2047 quis
715 1966 924 2048 repperisset,
956 1964 1143 2031 adfirmans.

76 2062 111 2112 ιι
131 2053 299 2117 Inventam
322 2052 435 2117 deinde
449 2089 492 2100 —
507 2053 625 2136 quippe
648 2075 669 2116 a
690 2052 802 2116 multis
825 2052 923 2116 simul
947 2058 1017 2118 erat
1034 2056 1142 2138 requi·

131 2140 194 2204 sita
208 2175 247 2186 -
264 2139 391 2204 vulneri
413 2140 559 2223 inposuit
580 2139 790 2223 protinusque
813 2139 924 2205 dolore
942 2140 1034 2206 finito
1053 2143 1143 2208 intra

78 2236 112 2286 ²8
133 2229 227 2293 breve
250 2227 391 2311 spatium
413 2227 548 2293 cicatrix
570 2248 696 2312 quoque
719 2227 859 2293 obducta
879 2233 937 2294 est.
976 2229 1142 2296 Barbaros

130 2320 167 2380 ut
184 2315 292 2400 prima
311 2338 384 2401 spes
401 2315 573 2399 fefellerat,
590 2337 625 2380 se
642 2317 732 2399 ipsos
749 2317 926 2401 urbemque
942 2316 1142 2384 dediderunt

217 2404 305 2470 Hine
330 2405 365 2470 in
395 2404 576 2488 proximam
607 2407 737 2488 gentem
764 2404 924 2468 Pataliam
948 2410 1142 2488 perventum
1151 2406 1193 2474 34

131 2497 188 2558 est.
232 2492 303 2557 Rex
330 2495 401 2558 erat
426 2491 560 2576 Moeris,
593 2492 649 2576 qui
679 2493 758 2557 urbe
790 2493 917 2556 deserta
949 2494 984 2557 in
1013 2498 1142 2560 montes

76 2591 112 2640 29
132 2581 328 2668 profugerat
363 2579 478 2666 Itaque
495 2578 679 2645 Alexander
702 2580 819 2664 oppido
838 2581 963 2663 potitur
982 2603 1143 2667 agrosque

130 2672 315 2755 populatur.
359 2669 498 2754 Magnae
520 2668 594 2731 inde
617 2669 755 2752 praedae
778 2672 869 2733 actae
891 2673 969 2734 sunt
988 2691 1142 2752 pecorum

75 2768 112 2816 ³0
132 2761 427 2841 armentorumque,
445 2778 564 2841 magna
581 2756 631 2820 ris
649 2759 778 2840 reperta
796 2756 960 2823 frumenti.
995 2755 1142 2824 Ducibus

130 2845 244 2909 deinde
263 2846 401 2928 sumptis
421 2847 524 2908 amuis
543 2844 656 2927 peritis
675 2844 808 2908 defluxit
825 2845 866 2909 ad
880 2845 1019 2910 insulam
1034 2845 1141 2912 medio

130 2932 230 2996 ferme
253 2933 347 2998 alveo
371 2937 509 2997 enatam.

557 3088 636 3156 (lar.
659 3089 715 3156 IX.
741 3041 744 3045 ²

94 3209 111 3258 r
218 3197 270 3264 Ibi
288 3198 409 3264 diutius
426 3197 602 3263 subsistere
617 3199 755 3281 coactus,
774 3196 850 3281 quia
864 3197 961 3261 duces
975 3199 1143 3264 socordius

131 3286 293 3353 adservati
266 3286 548 3371 tprofugerant,
522 3284 684 3369 t,misit
711 3285 767 3368 qui
795 3285 1019 3368 conquirerent
1045 3287 1144 3352 alios·

123 3397 188 3440 nec
212 3376 354 3461 repertis
378 3375 530 3460 pervicax
553 3374 669 3458 cupido
692 3373 817 3439 visendi
839 3373 1002 3439 Oceanum
1026 3375 1145 3440 adeun·

108 3463 212 3550 dique
247 3465 411 3535 terminos
449 3464 567 3535 mundi
598 3464 669 3532 sine
701 3461 847 3547 regionis
874 3463 992 3543 peritis
1017 3464 1149 3526 flumini

84 3554 217 3637 rgaoro
247 3562 355 3647 caput
387 3583 494 3630 suum
516 3562 640 3646 totque
662 3551 928 3620 fortissimorum
944 3547 1097 3609 uirorum
1113 3567 1167 3606 aa

252 3816 363 3838 Δ.
