2422 3892
392 765 440 865 Q.
467 764 659 848 OURTI
692 764 844 848 RUFI

490 916 744 973 HISTORIARUM

254 1064 695 1178 ALEXANDRI
735 1077 990 1177 MAGNI

470 1268 762 1335 MACEDONIS

512 1423 621 1479 LIBER
639 1424 711 1480 VIII.

554 1566 630 1633 Gar.
653 1567 678 1632 Ι.

76 1712 92 1760 1
200 1691 386 1758 Alexander
408 1692 531 1756 maiore
553 1691 642 1755 fama
666 1713 763 1776 quam
786 1691 892 1775 gloria
910 1691 945 1757 in
962 1692 1152 1763 dicioneml

112 1784 241 1849 redacta
263 1786 367 1865 petra,
391 1801 463 1844 oum
482 1782 615 1862 propter
633 1799 751 1863 vagum
769 1779 897 1844 hostem
919 1784 1129 1867 spargendae

111 1892 227 1935 manus
256 1872 376 1950 essent,
402 1868 438 1930 in
463 1871 530 1931 tres
557 1870 667 1950 partes
694 1866 804 1931 divisit
825 1868 1011 1935 exereitum.
1059 1870 1127 1936 He-

111 1957 337 2042 phaestionem
364 1954 433 2037 uni,
468 1950 599 2017 Coenon
626 1954 721 2018 alteri
749 1954 844 2019 duces
872 1955 1019 2021 dederat:
1053 1958 1127 2043 ipse

75 2062 93 2111 2
112 2043 226 2109 ceteris
253 2044 410 2127 praeerat
455 2037 518 2105 Sed
539 2060 606 2105 non
628 2041 739 2107 eadem
761 2063 851 2107 mens
874 2043 1025 2109 omnibus
1048 2046 1127 2111 bar·

111 2131 199 2196 baris
225 2131 297 2195 fuit.
348 2128 457 2193 Armis
486 2129 616 2212 quidam
644 2130 782 2215 subaoti,
813 2129 922 2214 plures
950 2135 1029 2197 ante
1058 2152 1126 2199 oer-

110 2225 222 2285 tamen
248 2219 408 2302 imperata
433 2216 591 2299 feserunt,
623 2216 740 2300 quibus
769 2239 892 2296 eorum,
924 2218 980 2303 qui
1005 2219 1042 2285 in
1072 2220 1126 2287 de·

110 2307 249 2374 sectione
267 2308 559 2391 perseveraverant,
576 2306 672 2369 urbes
691 2326 851 2390 agrosque
865 2305 962 2372 iussit
973 2306 1126 2376 attribui.

75 2414 92 2462 3
111 2397 157 2461 At
175 2396 284 2460 exules
301 2392 468 2460 Bactriani
486 2414 558 2458 oum
574 2409 664 2458 Dccc
678 2392 937 2478 Massagetarum
955 2394 1125 2478 equItibus

109 2484 275 2568 proximos
298 2483 387 2548 risos
409 2482 626 2546 vastaverunt.
671 2479 724 2544 Ad
747 2502 826 2565 quos
849 2482 1041 2547 soereendos
1061 2484 1125 2549 At-

109 2574 205 2656 tinae,
223 2571 366 2656 regionis
385 2569 453 2634 eius
472 2568 663 2652 praefectus,
686 2584 748 2634 ccc
767 2569 901 2653 equites,
917 2569 1125 2657 insidiarum,

72 2678 193 2744 4quae
215 2659 427 2742 parabantur,
455 2656 601 2740 ignarus,
625 2656 742 2721 eduxit.
786 2656 935 2741 Namque
957 2657 1065 2723 hostis
1088 2660 1126 2725 in

111 2747 202 2810 silvis
232 2780 270 2792 -
300 2749 333 2810 et
360 2748 454 2809 erant
479 2744 564 2809 forte
591 2765 703 2827 campo
731 2744 858 2809 iunotae
884 2779 928 2792 -
956 2748 1126 2813 armatum
1210 2781 1211 2786 κ

111 2833 248 2896 militem
271 2832 414 2896 condidit
436 2831 548 2915 pauois
573 2832 828 2915 propellentibus
850 2853 981 2916 peoora,
1007 2837 1046 2899 nt
1075 2835 1126 2902 in-

74 2919 281 3005 eprovidum
314 2919 355 2983 ad
381 2918 514 2982 insidias
541 2921 661 3002 praeda
686 2919 882 3002 perduceret.
929 2921 1045 3004 Itaque
1075 2923 1127 2991 in·

110 3007 279 3092 conposito
302 3005 432 3091 agmine
451 3007 631 3092 solutisque
649 3008 817 3073 ordinibus
835 3006 966 3073 Attinas
984 3010 1129 3091 praeda·
1207 3071 1208 3078 ,

109 3097 235 3162 bundus
259 3096 467 3180 sequebatur:
492 3117 587 3179 quem
609 3099 884 3180 praetergressum
908 3097 1039 3180 silvanr,
1063 3100 1128 3183 qui

110 3185 146 3250 in
168 3207 207 3249 ea
230 3184 453 3264 eonsederant‚
480 3204 520 3246 ex
542 3183 708 3267 inproviso
737 3184 843 3248 adorti
871 3205 942 3248 oum
969 3184 1130 3255 omnibus

74 3293 91 3341 e
109 3273 349 3338 interemerunt.
387 3269 543 3336 Celeriter
557 3270 597 3335 ad
612 3268 780 3335 Craterum
799 3271 896 3339 huius
915 3271 1016 3337 eladis
1031 3271 1131 3342 fama

104 3361 236 3445 perlata
263 3363 326 3445 est,
358 3360 413 3444 qui
440 3380 513 3423 eum
542 3357 630 3422 omni
657 3358 804 3440 equitatu
832 3359 1025 3440 supervenit.
1076 3361 1132 3431 Et·

89 3449 309 3537 Massagetae
335 3448 469 3537 quidem
492 3447 562 3515 iam
582 3445 790 3529 relegerent
813 3445 936 3506 tranas
953 3445 1057 3509 mula
1079 3472 1143 3535 exp-
