2422 3892
136 141 178 206 66
508 139 539 204 Q.
559 138 667 194 cuam
686 138 773 192 RUFI

136 322 179 335 —-
206 286 293 350 hirta
321 285 385 350 illis
413 305 469 348 ora
495 287 529 348 et
554 284 702 347 intonsas
729 303 838 347 comas
866 304 950 366 esse,
980 286 1151 366 praeterea

137 375 286 438 eximiam
313 375 476 438 vastorum
504 371 758 455 magnitudinem
786 392 969 454 corporum:
998 372 1091 435 vanis
1115 377 1150 436 et

135 463 285 526 inanibus
311 461 446 524 militem
469 460 572 543 magis
596 481 692 543 quam
715 459 809 524 iustis
831 458 1012 523 formidinis
1040 460 1149 525 causis

136 550 269 633 moveri,
298 585 341 596 —
371 547 484 613 deinde
514 550 638 610 tantam
667 546 905 611 multitudinem
934 546 1149 613 circumfundi

101 638 383 791 61311111ωὲεὲ
385 656 465 787 ⁰³13?
488 633 790 806 ,lltddltt
804 634 1150 805 stttttttf

102 832 116 879 1
136 812 255 877 Omnes
275 775 382 876 'ferme
404 810 608 875 Parmenioni
633 810 907 875 adsentiebantur:
943 809 1149 894 Polypercon

135 899 220 964 haud
251 900 346 965 dubie
374 901 409 964 in
437 921 475 965 eo
504 898 636 965 consilio
659 899 797 981 positam
820 899 988 962 victoriam
1011 899 1149 964 arbitra·

100 986 239 1055 sbatur'.
276 987 377 1064 Quem
399 989 528 1052 intuens
546 1009 610 1071 rex,
632 1008 770 1071 namque
784 985 1027 1052 Parmenionem
1041 1009 1149 1065 nuper

135 1077 253 1159 acrius,
285 1098 381 1160 quam
408 1077 515 1154 vellet,
544 1075 736 1158 increpitum
758 1096 868 1139 rursus
895 1075 1052 1160 castigare
1075 1097 1147 1140 non

135 1164 324 1248 sustinebat,
346 1161 645 1246 ‘Latrunculorum',
668 1162 784 1246 inquit,
808 1160 852 1227 ‘et
873 1162 981 1226 furum
998 1163 1063 1227 ista
1082 1163 1147 1228 sol·

134 1253 228 1317 lertio
251 1256 308 1336 est,
331 1275 427 1337 quam
445 1252 627 1335 praecipitis
646 1251 733 1334 mihi,
756 1250 873 1334 quippe
889 1251 1018 1315 illorum
1031 1255 1146 1316 votum

100 1357 116 1406 e
135 1343 265 1406 unicum
288 1344 337 1406 est
359 1342 478 1404 fallere.
514 1338 606 1403 Meae
629 1360 704 1404 vero
728 1339 848 1424 gloriae
872 1360 996 1421 semper
1014 1342 1071 1402 aut
1090 1339 1146 1405 ab·

136 1428 272 1492 sentiam
286 1427 384 1491 Darei
406 1429 462 1490 aut
484 1426 650 1510 angustias
669 1427 812 1491 locorum
830 1429 886 1490 aut
903 1427 1024 1490 furtum
1037 1427 1147 1493 noctis

136 1515 263 1579 obstare
293 1536 360 1579 non
388 1514 508 1597 patiar:
544 1514 653 1597 palam
678 1515 748 1579 luce
775 1514 907 1599 adgredi
934 1517 1055 1579 certum
1079 1519 1147 1580 est:

135 1603 221 1667 malo
243 1621 290 1667 me
313 1624 403 1667 meae
425 1602 573 1666 fortunae
595 1601 771 1686 paeniteat,
795 1624 891 1687 quam
913 1602 1064 1668 victoriae
1086 1625 1148 1687 pu·

84 1706 116 1757 10
136 1690 218 1757 dcet.
262 1689 315 1755 Ad
345 1690 425 1755 baec
455 1690 534 1754 illud
566 1711 692 1774 quoque
724 1690 858 1754 accedit:
894 1690 1022 1775 vigilias
1049 1711 1148 1776 agere

135 1779 290 1844 barbaros
314 1782 346 1844 et
367 1779 403 1842 in
426 1778 522 1842 armis
546 1781 643 1860 stare,
672 1781 771 1842 utne
795 1777 898 1861 decipi
921 1778 1049 1862 quidem
1071 1800 1147 1862 pos·

136 1868 214 1945 sint,
245 1870 432 1951 conpertum
459 1867 572 1931 habeo.
616 1866 729 1949 Itaque
756 1865 797 1929 ad
822 1867 979 1949 proelium
1006 1888 1063 1932 vos
1090 1889 1148 1951 pa

134 1954 224 2018 rate'
270 1953 323 2019 Sic
344 1955 494 2019 incitatos
517 1954 557 2018 ad
581 1975 714 2037 corpora
737 1954 877 2018 curanda
899 1954 1028 2020 dimisit

85 2058 115 2107 11
224 2041 349 2106 Dareus
376 2042 422 2125 id,
454 2041 538 2125 quod
565 2040 734 2106 Parmenio
762 2045 918 2125 suaserat,
944 2044 1070 2108 hostem
1097 2041 1199 2107 11148

135 2132 260 2194 cturum
283 2150 352 2193 esse
375 2129 559 2194 coniectans
581 2128 723 2194 frenatos
747 2150 845 2213 equos
868 2133 954 2195 stare
976 2151 1146 2215 magnam-

136 2238 196 2300 que
224 2217 380 2281 exercitus
406 2219 532 2299 partem
558 2217 593 2280 in
619 2217 715 2282 armis
738 2217 807 2282 es'se
830 2239 867 2282 ac
889 2218 1016 2303 vigilias
1037 2219 1146 2283 inten-

134 2305 215 2369 tiore
252 2327 328 2370 cura
365 2305 484 2369 servari
515 2305 667 2369 iusserat:
703 2326 779 2390 ergo
811 2304 941 2390 ignibus
972 2309 1043 2371 tota
1075 2307 1146 2373 eius

85 2410 115 2458 11
135 2396 241 2458 castra
276 2394 453 2496 fulgebant
504 2391 577 2477 Ipse
614 2415 686 2457 cum
722 2393 855 2458 ducibus
891 2394 1147 2480 propinquisque

135 2483 266 2568 agmina
292 2483 327 2546 in
355 2482 452 2547 armis
481 2482 634 2546 stantium
662 2481 862 2565 circumibat,
895 2480 1146 2547 8010111101Μί-

133 2571 239 2636 threm
263 2591 451 2656 sacrumque
474 2573 507 2635 ct
528 2570 720 2635 aeternum'
711 2591 865 2635 mvocans
883 2570 1002 2672 ignem,
1022 2573 1061 2635 ut
1078 2571 1146 2637 illis

135 2658 266 2743 dignam
289 2663 395 2725 vetere
419 2659 522 2743 gloria
543 2659 762 2742 maiorumque
782 2658 997 2723 monumentis
1016 2658 1146 2723 fortitu-

84 2764 115 2812 13
136 2746 274 2810 dinem
266 2748 470 2831 mspirarent
447 2745 571 2810 tEt
557 2745 749 2830 tprofecto,
776 2746 803 2810 si
831 2768 894 2830 qua
922 2746 1046 2811 divinae
1070 2748 1144 2830 opis

136 2835 270 2918 auguria
300 2834 443 2898 humana
473 2839 581 2898 mente
613 2834 737 2918 concipi
765 2837 914 2936 possent,
950 2834 1025 2899 deos
1056 2838 1145 2900 stare

135 2942 251 2986 seeum.
287 2921 364 2986 lllos
387 2943 489 3006 nuper
505 2921 717 2987 Macedonum
740 2923 856 2986 animis
880 2923 1047 2988 subitam
1038 2944 1145 2988 mcus-

136 3010 214 3074 sisse
236 3009 453 3074 formidinem:
477 3009 580 3074 adhuc
601 3010 784 3093 lymphatos
807 3010 883 3075 ferri
906 3011 1030 3096 agique,
1053 3032 1146 3076 arma

134 3099 305 3163 iacientes:
342 3100 489 3182 expetere
520 3097 682 3181 praesides
716 3097 886 3163 Persarum
917 3099 1044 3182 imperii
1074 3100 1147 3165 deos

135 3187 259 3251 debitas
286 3207 304 3251 e
331 3186 519 3251 vecordibus
546 3207 676 3268 poenas.
725 3185 793 3252 Nec
820 3187 926 3270 ipsum
953 3186 1066 3252 ducem
1093 3207 1144 3252 sa-

84 3295 115 3343 14
133 3274 258 3339 niorem
276 3296 359 3340 esse:
383 3275 500 3359 quippe
518 3275 583 3339 ritu
598 3274 739 3340 ferarum
752 3275 903 3359 praedam
916 3275 1022 3359 modo,
1045 3296 1145 3360 quam

133 3366 304 3448 expeteret,
325 3363 505 3428 intuentem
527 3363 562 3427 in
584 3364 765 3449 perniciem,
788 3385 869 3449 quae
893 3367 968 3428 ante
988 3362 1143 3448 praedam

89 3526 92 3531 ,
127 3451 239 3534 posita
262 3455 358 3536 esset,
379 3450 563 3518 incurrere?

206 3539 336 3609 Srmilis
363 3541 452 3631 apud
475 3540 672 3611 Macedones
699 3562 825 3626 quoque
852 3538 1032 3606 sollicitudo
1056 3543 1144 3606 erat:
