2422 3892
119 144 184 207 216
493 141 525 208 Q.
544 141 655 198 GURTI
672 142 758 197 RUFI

64 301 99 349 22
118 288 188 354 Rex
215 288 366 371 Balacro,
398 287 453 372 qui
485 287 729 371 specularetur,
748 286 930 371 praemisso
961 290 1134 374 cognoscit

118 380 245 461 petram
262 376 341 460 fuga
359 375 512 439 indorum
532 397 602 440 esse
620 375 789 440 desertam.
825 374 909 439 Tum
928 375 1012 442 dato
1032 378 1134 463 signo,

119 469 156 530 ut
177 464 320 530 universi
342 464 593 547 conclamarent,
615 463 816 546 inconposite
838 463 1048 549 fugientibus
1072 488 1134 532 ma·

65 565 100 612 28
118 557 190 618 tum
212 552 363 618 incussit:
396 552 567 635 multique,
588 554 754 635 tamquam
776 551 904 616 adesset
925 551 1056 638 hostis,
1080 576 1136 639 per

118 642 242 706 lubrica
261 663 339 705 saxa
353 661 473 725 perque
488 640 592 705 invias
607 643 696 704 cotes
709 639 914 723 praecipitati
934 640 1136 725 occiderunt,

118 729 228 813 plures
256 729 364 811 aliqua
390 728 609 792 membrorum
640 731 731 812 parte
758 727 892 792 mulcati
918 728 961 793 ab
991 729 1136 815 integris

64 829 101 878 24
121 817 240 882 deserti
259 819 343 880 sunt.
378 814 448 881 Rex
466 817 611 881 locorum
628 815 732 899 magis
750 837 847 899 quam
864 815 1016 882 hostium
1032 818 1139 885 victor

119 909 229 970 tamen
263 923 399 987 magnae
436 904 588 969 victoriae
618 905 744 987 spatam
775 903 942 969 sacrificiis
974 909 1014 970 et
1047 907 1140 973 cultu

120 993 215 1056 deum
245 992 332 1057 fecit.
385 992 472 1057 Arae
505 993 540 1056 in
570 996 664 1076 petra
694 993 819 1057 locatae
850 996 926 1057 sunt
962 991 1156 1061 Minervae·

65 1092 101 1141 25
119 1080 355 1165 Victoriaeque.
408 1080 552 1146 Ducibus
583 1081 721 1160 itineris,
753 1101 816 1165 quo
848 1079 958 1145 subire
987 1081 1141 1149 iusserat

118 1170 235 1235 leviter
262 1172 418 1251 armatos,
449 1169 510 1234 etsi
537 1169 706 1252 promissis
733 1168 861 1233 minora
886 1169 1142 1254 praestiterant,

119 1259 260 1343 pretium
284 1279 356 1323 cum
378 1257 440 1322 fide
462 1257 625 1322 redditum
648 1261 711 1339 est,
732 1259 845 1339 petrae
866 1255 1088 1344 regionisque
1110 1261 1142 1325 ei

121 1347 291 1412 adiunctae
315 1343 480 1411 Sisocosto
503 1347 606 1410 tutela
628 1345 796 1429 permissa

535 1482 614 1549 Cra.
636 1484 709 1549 XII.

84 1622 100 1668 r
208 1607 286 1672 Inde
304 1609 463 1691 processit
480 1607 649 1672 Ecbolima
667 1610 708 1690 et,
726 1629 797 1673 cum
817 1609 984 1694 angustias
1003 1611 1141 1679 itineris

121 1697 262 1763 obsideri
278 1715 327 1762 xx
345 1697 476 1761 milibus
500 1700 697 1762 armatorum
720 1697 761 1761 ab
779 1696 873 1761 Erice
896 1698 1045 1781 quodam
1065 1722 1142 1767 con·

119 1787 271 1870 perisset,
307 1787 436 1870 gravius
470 1804 587 1868 agmen
618 1784 790 1849 exercitus·
808 1781 914 1849 Coeno
948 1785 1140 1855 ducendum

84 1875 255 1939 amodicis
279 1874 449 1938 itineribus
472 1872 628 1938 tradidit
654 1871 727 1956 Ipse
749 1886 958 1958 praegressus
976 1893 1041 1955 per
1064 1877 1140 1941 fun·

120 1961 242 2026 ditores
257 1983 295 2025 ac
308 1961 497 2044 sagittarios
512 1961 700 2042 deturbatis,
719 1961 774 2044 qui
787 1961 981 2025 obsederant
998 1964 1140 2049 saltum,

84 2061 102 2108 a
121 2047 329 2132 sequentibus
348 2069 381 2112 se
400 2048 501 2130 copiis
523 2048 609 2111 viam
626 2047 712 2113 fecit
751 2047 834 2130 Indi,
853 2048 920 2114 sive
941 2048 1019 2114 odio
1041 2052 1139 2117 ducis

120 2135 189 2200 sive
215 2135 353 2219 gratiam
377 2134 509 2198 victoris
532 2135 657 2218 inituri,
681 2135 797 2200 Ericen
819 2136 998 2222 fugientem
1023 2139 1140 2205 adorti

120 2224 353 2287 interemerunt
382 2225 541 2306 caputque
572 2223 640 2287 eius
672 2227 769 2308 atque
801 2246 891 2289 arma
920 2224 961 2288 ad
988 2222 1139 2293 Alexan-

120 2311 213 2376 drum
236 2311 428 2376 detulerunt.
472 2309 532 2374 Ille
556 2310 642 2375 facto
665 2311 883 2394 inpunitatem
904 2311 1005 2396 dedit,
1030 2313 1138 2382 hono

120 2419 189 2464 rem
216 2399 387 2485 denegavit
409 2399 564 2483 exemplo.

83 2499 103 2548 r
209 2487 293 2553 Hinc
316 2488 356 2552 ad
378 2487 497 2552 flumen
519 2487 635 2552 Indum
657 2488 899 2553 sextisdecumis
922 2487 1041 2554 castris
1059 2508 1185 2574 per-42

121 2577 210 2643 venit
232 2576 418 2659 omniaque,
440 2579 478 2640 ut
499 2578 714 2659 praeceperat,
738 2577 779 2641 ad
800 2576 1013 2641 traiciendum
1036 2600 1137 2662 prae·

84 2669 236 2749 oparata
267 2665 308 2729 ab
340 2663 583 2746 Hephaestione
613 2664 764 2747 repperit
817 2662 991 2747 Regnabat
1022 2664 1063 2730 in
1095 2688 1139 2733 ea

119 2751 638 2921 tittflttthhhdtrttl
656 2751 1067 2924 {tltdttttttl
1083 2755 1140 2908 li

121 2929 217 3010 gatos
236 2927 378 3008 miserat,
397 2927 452 3008 qui
471 2927 676 2991 consulerent
694 2949 775 3008 eum,
792 2948 928 3012 regnare
947 2949 981 2993 se
995 2928 1139 2996 interim

84 3025 102 3073 o
121 3014 220 3078 vellet
238 3035 280 3078 an
298 3013 462 3097 privatum
484 3015 624 3098 opperiri
643 3014 711 3080 eiua
730 3015 912 3081 adventum.
951 3014 1139 3084 Permisso·

121 3124 195 3187 que,
231 3105 268 3166 ut
303 3104 469 3186 regnaret,
504 3124 570 3166 non
605 3107 715 3169 tamen
746 3103 796 3168 ius
829 3104 941 3168 datum
972 3126 1141 3189 usurpare

121 3190 283 3255 sustinuit.
318 3189 351 3255 Is
370 3190 508 3272 benigne
523 3191 649 3275 quidem
664 3195 834 3275 exceperat
846 3190 1140 3281 Hephaestionem,

121 3280 299 3362 gratuitum
317 3278 515 3343 frumentum
535 3279 636 3363 copiis
655 3280 722 3343 eius
742 3279 923 3363 admensus,
941 3300 1006 3345 non
1019 3284 1140 3349 tamen

122 3365 151 3430 ei
180 3371 375 3450 occurrerat,
401 3389 442 3431 ne
469 3367 564 3432 fidem
592 3367 690 3431 ullius
716 3366 782 3430 nisi
809 3368 897 3451 regis
922 3368 1139 3452 experiretur.

86 3451 235 3538 ultaque
258 3454 402 3518 venienti
424 3455 554 3520 obviam
577 3477 649 3520 cum
670 3458 796 3518 armato
820 3456 963 3520 exercitu
981 3476 1140 3540 egressus

107 3545 173 3631 est,
204 3543 376 3632 elephanti
406 3566 536 3633 quoque
563 3565 622 3630 per
648 3542 780 3608 modica
800 3542 976 3603 interualla
991 3543 1147 3609 nimum
