2422 3892
244 123 498 180 1111111111
515 123 731 178 scamnum
750 120 846 191 11,1.
865 128 890 177 1.
1030 118 1071 184 31

62 272 147 334 cant
194 268 236 334 In
262 268 386 333 Libano
415 258 541 352 quoque
568 268 714 332 Arabum
744 269 889 352 agrestes
918 266 1073 349 inconpo-

63 359 143 422 sitos
178 355 371 422 Macedonas
408 357 514 421 adorti
549 375 620 421 xxx
652 356 720 419 fere
755 355 954 419 interficiunt
989 354 1075 418 houd

62 445 268 530 paucioribus
291 446 404 530 captis.

488 601 567 668 011.
588 601 646 667 HL

152 709 203 774 Ea
224 733 275 775 res
299 709 521 775 Alexandrum
543 709 682 774 dividere
704 710 813 794 copias
837 708 943 793 coegit
965 710 1010 791 et,
1031 727 1106 776 111

64 802 205 884 segniter
232 800 375 863 adsidere
403 799 459 861 uni
486 798 559 862 urbi
581 798 756 882 videretur,
788 798 876 880 operi
898 797 1074 861 Perdiccan

64 885 283 970 Crateronque
310 886 478 970 praefecit:
510 887 579 970 ipse
607 907 680 949 cum
702 886 849 970 expedita
871 906 969 949 manu
992 884 1073 948 Ara·

62 975 150 1039 biam
173 977 277 1058 petiit.

10 1063 53 1126 12
151 1063 243 1127 Inter
264 1063 344 1126 haec
362 1061 451 1144 Tyrii
472 1084 588 1126 navem
611 1061 833 1146 magnitudine
854 1063 969 1126 eximia
988 1062 1108 1130 111111

62 1151 249 1233 harenaque
281 1173 300 1214 a
331 1151 432 1233 puppi
464 1155 644 1233 oneratam,
678 1151 725 1213 ita
751 1153 789 1213 ut
814 1151 950 1212 multum
977 1172 1074 1232 prora

64 1239 228 1321 emineret,
250 1238 408 1301 bitumine
432 1259 468 1301 ac
492 1237 643 1321 sulphure
665 1238 793 1300 inlitam
815 1238 911 1301 remis
934 1238 1073 1301 concita-

63 1330 180 1390 verunt
202 1329 247 1409 et,
277 1347 350 1389 cum
372 1346 526 1409 magnam
548 1326 614 1388 vim
635 1326 723 1389 11111
750 1326 823 1390 1111
846 1346 972 1408 quoque
999 1346 1074 1389 con-

63 1416 233 1498 cepissent,
255 1415 401 1478 celeriter
423 1414 464 1476 ad
487 1415 605 1477 molem
623 1413 788 1477 successit:
810 1416 881 1476 tum
895 1434 993 1496 prora
1007 1413 1074 1477 eius
1092 1434 1109 1482 11

64 1524 198 1567 accensa
229 1503 367 1587 remiges
400 1501 555 1566 desiluere
586 1501 621 1564 in
648 1501 797 1585 scaphas,
834 1522 916 1584 quac
944 1501 985 1565 ad
1012 1501 1074 1566 hoc

63 1591 169 1674 ipsum
204 1593 413 1674 praeparatae
448 1589 673 1672 sequebantur.
725 1587 826 1653 Navis
859 1593 967 1653 autem
998 1591 1075 1673 igne

64 1682 220 1761 concepto
242 1679 339 1741 latius
361 1677 494 1741 fundere
513 1676 698 1741 incendium
716 1678 831 1761 coepit,
854 1678 948 1760 quod,
971 1679 1074 1760 prius-

66 1787 163 1849 quam
186 1769 296 1848 posset
317 1766 454 1848 occurri,
479 1769 584 1828 turres
608 1769 641 1829 et
662 1768 768 1829 cetera
792 1786 890 1848 opera
912 1767 947 1828 in
970 1766 1075 1847 capite

65 1853 161 1917 molis
179 1853 286 1934 posita
303 1853 541 1936 conprehendit.
575 1852 621 1916 At
639 1853 693 1936 qui
711 1854 906 1916 desiluerant
923 1853 958 1915 in
975 1874 1075 1934 parva
1093 1874 1111 1922 4

64 1940 209 2024 navigia,
239 1940 327 2004 faces
357 1945 416 2024 et,
433 1941 588 2024 quidquid
617 1941 732 2005 alendo
761 1942 831 2025 igni
858 1943 969 2025 aptum
997 1945 1075 2024 erat,

63 2030 100 2092 in
131 2027 243 2092 eadem
271 2050 369 2111 opera
397 2029 559 2114 ingerunt.
603 2027 736 2113 Iamque
767 2051 836 2093 non
866 2030 963 2093 modo
994 2029 1076 2093 imae

64 2115 278 2181 Macedonum
307 2120 427 2200 turres,
457 2117 513 2180 sed
542 2117 640 2181 etiam
671 2140 795 2181 summa
823 2117 971 2181 tabulata
1000 2139 1075 2181 con·

66 2208 218 2287 ceperant
239 2205 358 2290 ignem,
381 2226 454 2268 cum
476 2205 510 2288 ii,
532 2205 587 2287 qui
608 2205 644 2269 in
665 2207 809 2269 turribus
833 2210 935 2289 erant,
956 2206 1076 2289 partim

65 2292 271 2356 haurirentur
301 2293 464 2375 incendio,
494 2293 614 2377 partim
644 2295 740 2358 armis
769 2294 895 2358 omissis
926 2295 961 2356 in
987 2315 1076 2357 mare

66 2383 169 2443 semet
202 2381 264 2464 ipsi
299 2382 508 2445 inmitterent.
565 2380 612 2445 At
643 2381 746 2466 Tyrii,
782 2382 837 2464 qui
873 2402 987 2464 capere
1021 2400 1111 2449 eost

66 2464 163 2551 quam
188 2469 367 2533 interficere
389 2470 537 2549 mallent,
567 2471 750 2533 natantium
773 2489 889 2531 manus
912 2468 1076 2550 stipitibus

66 2558 213 2639 saxisque
240 2558 439 2640 lacerabant,
472 2556 573 2620 donec
600 2557 758 2621 debilitati
789 2557 911 2637 inpune
938 2556 1076 2639 navigiis

65 2645 169 2727 excipi
190 2648 333 2727 possent.
376 2643 446 2708 Nec
467 2644 615 2707 incendio
640 2645 743 2708 solum
762 2664 860 2726 opera
877 2646 1112 2727 consumptas

65 2732 124 2796 sed
154 2733 239 2795 forte
271 2732 383 2795 eodem
415 2731 465 2794 die
496 2730 716 2796 vehementior
741 2734 857 2795 ventus
884 2734 1009 2794 motum
1038 2753 1077 2796 ex

64 2818 229 2904 profundo
256 2840 344 2882 mare
369 2819 472 2882 inlisit
498 2819 534 2881 in
560 2819 691 2897 molem,
722 2820 905 2903 crebrisque
927 2819 1076 2885 fluctibus

66 2928 230 2991 conpages
258 2906 365 2990 operis
387 2906 573 2970 verberatae
596 2908 743 2972 laxavere
764 2929 796 2973 sc
818 2929 956 2992 saxaque
978 2909 1077 2973 inter·

66 2995 168 3059 fluens
200 2996 287 3059 unda
314 2994 454 3058 medium
481 3016 562 3077 opus
587 2995 683 3080 rupit.
731 2996 879 3061 Prorutis
905 2998 1005 3082 igitur
1031 2997 1111 3065 11-’1

66 3083 179 3168 pidum
201 3083 346 3166 cumulis,
369 3084 485 3166 quibus
502 3084 620 3148 iniecta
634 3089 721 3148 terra
734 3086 963 3166 sustinebatur,
985 3106 1077 3168 prae-

68 3193 143 3256 ceps
164 3173 201 3236 in
222 3172 418 3255 profundum
439 3173 514 3254 ruit,
534 3176 707 3257 tantaeque
736 3175 830 3238 molis
857 3174 910 3236 vix
936 3174 1003 3237 ulla
1025 3193 1077 3237 ve·

15 3257 57 3324 13
69 3260 166 3345 stigia
191 3261 316 3325 invenit
346 3260 469 3324 Arabia
494 3260 621 3326 rediens
647 3261 839 3325 Alexander.
888 3259 963 3344 Hic,
992 3261 1077 3343 quod

68 3348 104 3411 in
132 3349 274 3413 adversis
303 3348 399 3412 rebus
427 3350 511 3413 solet
536 3349 621 3432 fieri,
653 3350 735 3412 alius
762 3349 797 3411 in
824 3349 923 3412 alium
949 3349 1077 3432 culpam

67 3434 264 3519 referebant,
290 3459 362 3500 cum
385 3459 497 3501 omnes
519 3439 625 3501 verius
648 3437 686 3500 de
709 3437 843 3500 saevitia
865 3437 963 3500 maris
987 3437 1078 3519 queri

67 3529 210 3608 possent.
252 3523 322 3588 Rex
348 3525 425 3590 1111
452 3524 558 3608 operis
583 3525 703 3588 molem
730 3545 823 3588 orsus
851 3525 887 3587 in
909 3524 1112 3589 adversums
