2422 3892
150 175 212 238 196
517 175 548 241 Q.
568 174 677 230 CUR'I'I
693 173 781 230 RUFI

147 318 309 403 proditum
333 322 396 402 est,
420 319 576 403 quosdam
599 319 777 402 adplicatos
801 321 961 383 arborum
985 321 1168 387 trunciset

147 429 212 471 non
236 408 340 472 solum
366 406 563 489 viventibus,
593 406 769 471 sedetiam
796 407 881 470 inter
907 427 947 471 se
971 409 1168 494 conloquen-

148 496 236 559 tibus
255 494 376 559 similes
395 515 464 558 esse
483 498 672 576 conspectos
695 494 829 559 durante
847 494 958 560 adhuc
977 494 1120 580 habitu,
1139 497 1167 563 in

97 593 129 641 ro
148 605 211 666 quo
234 603 321 646 mors
345 602 501 665 quemque
523 581 784 664 deprehenderat.
815 580 912 646 Forte
933 580 1086 649 Macedo
1105 605 1166 670 gre

148 670 257 753 garius
277 669 370 733 miles
386 689 473 752 capre
496 690 590 752 seque
611 672 644 733 et
662 691 752 734 arma
770 672 974 753 sustentans,
999 674 1167 737 tamenin

147 761 255 821 castra
276 759 476 839 pervenerat:
503 778 566 840 quo
590 757 660 822 viso
682 778 752 839 rex,
776 778 975 841 quamquam
1000 758 1082 843 ipse
1104 764 1166 825 turn

147 845 286 910 maxime
319 844 449 910 admoto
480 845 556 929 igne
587 845 755 910 refovebat
783 848 886 929 artus,
918 866 960 910 ex
990 847 1087 913 sella
1115 870 1167 913 sua

148 931 281 995 exsiluit
299 935 544 1016 torpentemque
563 932 701 997 militem
720 936 753 995 et
766 933 820 997 vix
836 935 1030 1016 compotem
1049 936 1167 1001 mentis

97 1018 286 1102 redemptis
314 1021 412 1084 armis
440 1021 475 1083 in
502 1042 560 1085 sua
583 1020 657 1084 sede
683 1020 780 1085 iussit
801 1019 975 1086 considere.
1026 1022 1095 1088 Ille
1117 1023 1166 1088 diu

147 1129 219 1191 nec,
254 1108 312 1173 ubi
347 1108 576 1193 requiesceret,
611 1129 684 1192 nec,
721 1130 741 1172 a
775 1128 839 1192 quo
875 1112 961 1172 esset
999 1114 1166 1196 exceptus,

96 1207 128 1255 17
148 1195 311 1279 adgnovit.
360 1195 503 1261 Tandem
534 1199 662 1278 recepto
689 1196 795 1260 calore
825 1194 931 1279 vitali,
963 1200 1008 1263 ut
1042 1199 1165 1283 regiam

148 1285 256 1349 sedem
277 1304 450 1368 regemque
472 1283 567 1366 vidit,
589 1284 721 1348 territus
744 1284 857 1366 surgit
901 1282 1010 1359 Quem
1035 1287 1164 1353 intuens

147 1373 341 1455 Alexander,
369 1371 505 1454 ‘Ecquid
532 1370 709 1454 intellegis,
737 1370 851 1455 miles',
873 1371 997 1455 inquit,
1028 1372 1164 1459 ‘quanto

147 1459 281 1523 meliore
313 1462 399 1522 sorte
432 1479 528 1541 quam
560 1457 677 1522 Persae
704 1459 762 1524 sub
794 1478 871 1543 rege
901 1459 1053 1526 vivatis?
1095 1460 1164 1528 Illis

147 1546 234 1609 enim
257 1546 291 1611 in
309 1545 389 1609 sella
405 1545 492 1628 regis
510 1545 690 1609 consedisse
712 1547 831 1630 capital
852 1545 949 1631 foret,
971 1548 1043 1613 tibi
1067 1550 1164 1616 saluti

96 1645 128 1693 18
146 1631 230 1699 fuit'
273 1633 408 1698 Postero
431 1633 482 1697 die
506 1634 691 1700 convocatis
714 1634 826 1698 amicis
848 1633 1089 1722 copiarumque
1112 1640 1163 1704 du·

148 1723 238 1787 cibus
269 1722 473 1806 pronuntiari
500 1721 608 1803 iussit,
637 1723 743 1804 ipsum
771 1722 891 1806 omnia,
924 1743 1011 1806 quae
1041 1726 1164 1791 amissa

97 1820 127 1870 19
148 1815 269 1892 essent,
291 1810 499 1874 redditurum.
539 1809 585 1875 nt
606 1810 765 1892 promisso
787 1810 866 1874 fides
889 1810 1030 1876 exstitit
1076 1812 1163 1881 Nam

147 1896 347 1963 Sisimithres
383 1899 487 1962 multa
522 1898 666 1961 iumenta
702 1900 735 1961 et
771 1898 965 1963 camelorum
999 1915 1031 1965 11
1071 1901 1164 1967 milia

147 1985 280 2049 adduxit
301 2006 480 2067 pecoraque
499 1987 531 2048 et
550 1988 707 2050 armenta:
731 2006 813 2068 quae
836 1985 1016 2051 distributa
1038 1990 1164 2071 pariter

94 2083 129 2131 2ο
148 2072 285 2135 militem
304 2073 338 2135 et
356 2071 473 2135 damno
492 2072 626 2135 etfama
644 2073 873 2137 liberaverunt
908 2071 992 2157 Rex,
1017 2078 1164 2159 gratian

147 2157 210 2222 sihi
231 2159 368 2223 relatam
392 2181 411 2223 a
429 2156 612 2223 Sisimithre
633 2160 814 2242 praefatus,
836 2182 892 2225 sex
914 2159 1045 2227 dierum
1070 2170 1165 2231 cocta

147 2245 270 2311 cibaria
304 2246 389 2310 ferre
424 2246 545 2311 milites
580 2247 687 2331 iussit,
724 2246 822 2313 Sacas
858 2251 981 2331 petens
1041 2250 1164 2320 Totam

146 2334 230 2399 hane
260 2334 427 2418 regionem
459 2333 673 2417 depopulatus
705 2353 779 2399 xxx
811 2335 903 2400 milia
932 2355 1097 2419 pecorum
1129 2364 1165 2407 ex

146 2422 268 2505 praeda
292 2421 469 2487 Sisimithri
491 2423 574 2487 dono
598 2422 663 2486 dat.

93 2522 126 2570 21
233 2510 312 2574 Inde
330 2511 477 2594 pervenit
495 2511 530 2574 in
546 2510 726 2595 regionem,
745 2511 797 2575 cui
813 2510 987 2595 Oxyartes,
1008 2510 1193 2603 satrapesli

145 2599 280 2683 nobilis,
302 2602 462 2682 praeerat,
490 2597 545 2682 qui
567 2619 602 2662 se
624 2598 710 2682 regis
737 2599 893 2681 potestati
919 2597 1067 2685 fideique
1097 2628 1165 2690 per

146 2686 242 2751 misit
277 2684 339 2749 Ille
357 2687 492 2769 imperio
512 2684 542 2750 ei
564 2685 688 2750 reddito
711 2685 798 2750 haud
821 2686 975 2771 amplius,
1026 2712 1109 2758 uam
1132 2696 1165 2759 ut

94 2786 126 2834 22
147 2773 208 2836 duo
229 2773 389 2838 extribus
412 2773 488 2837 filiis
507 2794 616 2837 secum
635 2773 824 2856 militarent,
847 2773 964 2858 exegit.
1000 2709 1165 2867 {atrapes

146 2860 246 2922 etiam
278 2881 364 2937 eum,
401 2861 455 2943 qui
486 2881 584 2943 penes
617 2861 723 2944 ipsum
755 2862 1012 2948 relinquebatur,
1052 2870 1166 2935 tradit

146 2946 293 3009 Barbara
320 2947 487 3029 opulentia
514 2949 710 3031 convivium,
739 2970 801 3032 quo
829 2969 939 3033 regem
967 2952 1167 3041 accipiebat,

96 3047 126 3095 23
146 3035 351 3098 instruxerat.
393 3033 431 3097 Id
458 3055 530 3099 cum
553 3036 657 3100 multa
680 3039 831 3102 comitate
854 3037 1095 3130 celebraretur,
1120 3047 1166 3111 in·

146 3122 271 3188 troduci
293 3141 367 3187 xxx
389 3121 514 3185 nobiles
543 3124 685 3207 virginee
712 3125 816 3190 iussit
860 3125 948 3190 Inter
975 3146 1063 3209 quas
1097 3136 1167 3201 erat

145 3209 215 3273 filia
236 3210 353 3294 ipsius,
371 3209 504 3275 Roxane
526 3213 669 3295 nomine,
692 3211 809 3276 eximia
832 3211 975 3295 corporis
999 3220 1167 3300 specieet

94 3309 128 3357 24
147 3297 259 3361 decore
272 3298 404 3363 habitus
423 3299 457 3362 in
474 3297 622 3364 barbari·
637 3320 719 3365 raro.
754 3299 842 3375 Quae
857 3321 1058 3384 quamquam
1076 3307 1166 3377 inter

147 3385 265 3449 electas
296 3390 512 3471 processerat,
543 3386 688 3452 omnium
718 3390 828 3452 tamen
858 3389 967 3452 oculos
995 3399 1167 3463 convertit

137 3472 173 3538 in
197 3495 246 3560 se,
271 3473 414 3542 maxime
437 3474 526 3561 regis
543 3475 653 3540 minus
673 3475 742 3538 iarn
758 3474 986 3556 cupiditatibus
1006 3481 1081 3547 suis
1108 3486 1166 3551 im-

123 3565 280 3649 perantia
312 3567 404 3635 inter
440 3565 606 3653 obsequia
633 3562 803 3640 tortunaa,
831 3564 948 3620 eontra
974 3579 1080 3638 quarn
1105 3591 1179 3633 m
