2422 3892
321 146 574 204 HISTORIARUM
591 146 808 202 ALEXANDRI
825 146 864 216 V,
882 154 907 202 4.
928 154 953 204 t.
1040 161 1043 166 ’
1100 147 1144 212 93

135 293 185 358 Ne
217 292 342 358 aurium
374 292 502 376 quidem
533 313 611 356 usus
641 295 818 376 supererat,
854 292 953 358 silvas
980 294 1144 376 quatiente

136 385 246 466 vento,
278 381 332 465 qui
362 380 626 446 concurrentibus
652 381 750 445 ramis
777 380 931 445 maiorem
960 402 1056 465 quam
1083 403 1143 464 pro

135 468 216 533 flatu
247 490 363 535 sonum
395 468 517 534 edebat.
567 466 711 533 Tandem
742 470 910 553 expectata
940 469 997 532 lux
1027 469 1144 553 omnia,
1162 490 1197 539 ae

138 578 219 640 quae
245 557 439 622 terribiliora
460 578 526 622 nox
547 556 681 641 fecerat,
707 556 839 621 minuit:
873 556 1033 622 circumiri
1055 557 1144 621 brevi

137 645 241 728 spatio
271 648 400 729 poterat
431 645 563 729 eluvies,
600 647 632 709 et
665 643 727 709 sibi
758 645 892 730 quisque
924 645 989 709 dux
1019 645 1144 709 itineris

85 731 127 796 16
137 736 284 816 coeperat
310 733 387 798 fieri.
431 731 585 799 Evadunt
607 753 683 818 ergo
705 732 740 795 in
762 732 885 797 editum
906 732 1072 798 verticem:
1106 753 1144 797 ex
1163 752 1206 801 ar

136 843 199 904 quo
217 821 362 887 hostium
380 821 522 887 statione
540 822 714 904 conspecta
732 823 859 885 strenue
878 821 994 886 armati
1012 843 1032 885 a
1049 823 1143 906 tergo

136 930 170 973 se
203 909 380 975 ostendunt
410 909 492 974 nihil
523 909 589 973 tale
615 908 846 992 metuentibus,
878 930 1013 992 quorum
1039 909 1145 993 pauci,

136 997 191 1080 qui
214 997 368 1081 congredi
391 997 461 1061 ausi
484 1000 588 1080 erant,
610 995 695 1060 caesi
718 998 802 1061 sunt
843 996 956 1080 ltaque
978 997 1055 1062 hinc
1077 1018 1144 1061 mo·
1163 1017 1198 1066 28

135 1085 289 1148 rientium
316 1084 467 1168 gemitus,
497 1085 574 1148 hinc
601 1083 641 1147 ad
665 1104 739 1147 suos
761 1085 992 1148 recurrentium
1014 1085 1144 1149 misera·

58 1174 63 1184 '
136 1170 212 1233 bilis
238 1170 337 1244 facies
364 1171 509 1255 integros
532 1192 670 1254 quoque,
703 1173 875 1254 antequam
899 1171 1071 1236 discrimen
1093 1193 1142 1236 ex·

71 1276 80 1288 ’
136 1258 325 1342 perirentur,
347 1257 382 1322 in
404 1258 515 1343 fugam
535 1257 660 1322 avertit.
694 1256 840 1322 Fremitu
856 1258 968 1322 deinde
982 1259 1017 1322 in
1031 1263 1145 1343 castra,
1164 1279 1197 1328 29

136 1346 207 1428 quis
236 1343 386 1411 Craterus
411 1345 630 1430 praesidebat,
660 1345 763 1410 inlato
791 1346 832 1410 ad
860 1346 1061 1429 occupandas
1089 1368 1144 1411 an·

135 1433 272 1517 gestias,
306 1434 341 1498 in
372 1434 488 1518 quibus
521 1433 624 1517 pridie
652 1433 836 1517 haeserant,
867 1434 959 1498 miles
991 1434 1145 1499 educitur.

135 1519 238 1585 Simul
270 1524 303 1585 et
334 1521 479 1587 Philotas
511 1543 585 1587 cum
611 1520 847 1606 Polyperconte
876 1521 1081 1606 Amyntaque
1112 1524 1145 1586 et
1163 1541 1198 1592 00

136 1606 243 1674 Coeno
277 1608 437 1674 diversum
467 1609 531 1674 iter
561 1608 688 1693 ingredi
718 1610 827 1675 iussus
859 1609 959 1674 alium
987 1613 1145 1674 terrorem

135 1695 247 1760 intulit
268 1697 424 1762 barbaris.
456 1695 606 1780 Undique
629 1716 705 1780 ergo
727 1696 941 1762 Macedonum
964 1697 1061 1761 armis
1084 1698 1144 1761 ful-
1163 1718 1196 1767 el

137 1783 288 1866 gentibus
324 1784 456 1868 ancipiti
492 1784 577 1848 malo
614 1785 761 1866 oppressi
793 1784 1001 1849 memorabile
1032 1788 1143 1848 tamen

135 1871 293 1954 proelium
323 1871 430 1936 edunt.
474 1870 521 1936 Ut
548 1870 674 1954 opinor,
700 1872 863 1956 ignaviam
889 1892 1015 1955 quoque
1037 1893 1144 1936 neees-

137 1958 215 2024 sites
243 1959 329 2024 acuit
355 1962 389 2024 et
415 1981 510 2043 saepe
538 1959 717 2042 desperatio
743 1960 812 2043 spei
834 1981 932 2024 eausa
954 1962 1012 2024 est.
1057 1958 1145 2024 Nudi
1163 1981 1197 2029 aa

136 2047 422 2131 conplectebantur
457 2050 599 2112 armatos
636 2048 669 2111 et
703 2047 827 2132 ingenti
859 2068 1029 2131 corporum
1060 2049 1144 2113 mole

137 2155 244 2199 secum
271 2138 391 2200 terram
414 2135 617 2200 detrahentes
639 2134 786 2219 ipsorum
808 2135 881 2200 telis
903 2136 1074 2220 plerosque
1096 2136 1145 2202 fo-

136 2221 275 2286 diebant.
319 2223 554 2288 Ariobarzanes
582 2226 693 2287 tamen
722 2240 769 2289 xc
795 2221 904 2288 ferme·
923 2224 1084 2308 equitibus
1112 2227 1145 2289 et
1162 2244 1197 2293 00

136 2327 159 2373 v
181 2310 311 2375 milibus
333 2311 478 2395 peditum
505 2311 644 2394 stipatus
670 2333 729 2394 per
750 2312 889 2376 mediam
916 2312 1016 2376 aciem
1039 2311 1144 2376 Mace·
1192 2356 1195 2361 -

136 2397 257 2464 donum
288 2421 360 2464 cum
393 2400 496 2464 multo
528 2419 659 2463 suorum
690 2402 786 2483 atque
814 2398 959 2463 bostium
988 2398 1144 2483 sanguine

135 2487 253 2570 erupit,
289 2486 485 2571 Persepolim
515 2486 640 2570 urbem,
672 2489 770 2570 ceput
799 2485 956 2571 regionis,
988 2505 1144 2568 occupare

134 2573 303 2638 festinans.
347 2573 409 2638 Sed
432 2596 452 2638 a
475 2574 661 2639 custodibus
683 2573 773 2638 urbis
796 2575 942 2637 exclusus
964 2574 1144 2637 consecutis
1163 2594 1197 2643 34

135 2664 264 2724 strenue
286 2660 435 2724 hostibus
463 2681 535 2725 cnm
562 2659 711 2726 omnibus
738 2660 835 2745 fugae
859 2659 1030 2724 comitibus
1052 2681 1144 2726 reno·

135 2750 211 2812 vato
237 2747 361 2831 proelio
387 2747 508 2814 cecidit
553 2745 704 2812 Craterus
727 2768 852 2832 quoqne
875 2747 993 2832 raptim
1016 2748 1145 2834 agmine

137 2836 209 2899 acto
233 2834 425 2917 supervenit

569 2990 647 3059 om
669 2992 709 3060 V.

84 3094 123 3159 17
223 3096 293 3162 Rex
329 3097 441 3162 eodem
461 3099 561 3187 loco,
597 3120 660 3184 quo
695 3100 838 3165 hostium
870 3099 978 3185 copias
1008 3098 1177 3183 fuderat,1

134 3189 241 3252 castra
273 3186 458 3251 communit.
513 3185 712 3271 Quamquam
749 3189 834 3253 enim
867 3187 1007 3272 undique
1039 3188 1144 3273 fugati

134 3273 245 3338 hostes
271 3274 439 3339 victoriam
466 3279 704 3359 concesserant,
732 3279 842 3341 tamen
867 3276 1030 3360 praealtae
1053 3297 1144 3359 prae-

136 3361 311 3446 cipitesque
345 3361 452 3427 fossae
483 3363 630 3447 pluribus
662 3363 740 3428 locis
772 3365 915 3429 obiectae
948 3364 1145 3447 abruperant

135 3447 205 3531 iter,
228 3449 409 3534 sensimque
433 3454 466 3515 et
487 3454 580 3516 caute
601 3451 875 3537 progrediundum
896 3455 980 3534 erat,
995 3452 1070 3512 iem
1077 3472 1167 3539 non

134 3534 288 3622 hostium,
319 3538 375 3603 sed
396 3537 543 3607 locorum
566 3539 682 3608 fraude
705 3543 875 3629 suspecta
909 3531 1128 3602 Procedens
1146 3545 1186 3582 ex
