2422 3892
127 149 169 212 12
497 141 529 208 Q.
547 140 657 196 cunm
675 136 761 192 RUFI

125 293 240 358 naculo
268 311 345 376 ergo
367 310 418 354 me
441 287 579 371 opprimi
601 282 727 368 patiar?
763 280 809 345 At
831 279 932 345 satius
955 279 1005 341 est
1026 258 1159 345 alieno*

92 400 107 449 '1
126 404 177 446 me
199 380 281 445 mori
308 379 439 460 seelera,
471 392 571 459 quam
594 377 682 438 metu
704 367 836 435 nostro?
881 365 947 432 Diu
969 365 1078 430 animo
1102 366 1139 430 in

127 471 251 534 diversa
282 470 409 532 versato
440 464 535 546 nulli,
567 462 643 546 quid
674 460 827 543 seriptum
857 459 956 539 esset,
987 453 1139 519 enuntiat

127 557 358 640 epistolamque
381 552 487 638 sigillo
510 551 598 615 anuli
621 550 671 614 sui
691 549 837 632 inpresso
855 545 995 629 pulvino,
1017 542 1137 608 001111-

91 646 279 730 seubabat,
310 642 453 708 subiecit.
505 638 594 704 Inter
623 637 684 702 has
716 636 927 721 oogItationes
953 632 1052 697 biduo
1080 632 1137 695 ab·
1150 634 1190 703 15

123 737 256 817 sumpto
282 732 388 796 illuxit
415 753 434 793 a
460 728 583 792 medico
611 725 788 790 destinatus
810 723 891 805 dies,
922 725 955 786 et
980 721 1035 785 1110
1062 741 1139 785 oum

92 823 256 905 apoculo,
278 820 313 884 in
335 841 398 903 quo
422 816 689 881 medicamentum
712 814 860 895 diluerat,
882 810 1024 875 intravit
1065 806 1139 884 Quo

127 911 196 974 viso
217 908 399 972 Alexander
424 907 531 969 levato
559 924 692 988 corpore
723 902 758 966 in
789 900 887 965 cubili
918 899 1090 982 epistolam
1118 919 1139 961 a

127 996 339 1061 Parmenione
367 994 500 1059 missam
528 992 660 1056 sinistra
682 993 917 1054 manutenens
941 986 1059 1070 accipit
1080 994 1147 1069 po·¹

127 1087 235 1150 oulum
257 1088 290 1148 et
311 1083 420 1147 haurit
441 1080 621 1147 interritus:
644 1083 714 1143 tum
740 1077 910 1161 epistolam
931 1075 1039 1159 legere
1060 1072 1138 1138 Phi·

19 1210 22 1215 ·
126 1174 251 1257 lippum
273 1173 363 1238 iubet
384 1192 443 1236 nea
466 1192 486 1234 a
506 1170 598 1234 vultu
619 1167 757 1251 legentis
779 1165 882 1230 movit
904 1164 1023 1247 oeulos,
1047 1164 1139 1227 ratus

128 1263 251 1348 aliquas
275 1259 488 1347 conscientias
510 1261 606 1321 notas
629 1257 664 1320 in
686 1256 757 1339 ipso
778 1276 833 1320 ore
850 1274 946 1337 posse
963 1251 1140 1336 deprehen·

69 1368 109 1423 '10
128 1350 211 1415 dere.
255 1349 315 1414 Ille
346 1348 484 1433 epistola
514 1346 654 1429 perlaeta
682 1345 755 1427 plus
781 1340 1014 1426 indignationis
1041 1351 1140 1424 quam
1168 1359 1175 1370 ·

128 1438 257 1521 pavoris
287 1436 428 1500 ostendit
454 1433 667 1517 proiectisque
694 1431 832 1496 amiculo
860 1434 893 1495 et
918 1428 1034 1494 litteris
1062 1431 1140 1492 ante

127 1527 277 1589 lectumz·
294 1522 395 1605 ‘Rex',
421 1521 539 1604 inquit,
569 1518 707 1603 ‘semper
734 1520 861 1603 quidem
888 1508 1142 1602 spiritus'meus
1167 1580 1188 1605 =

129 1635 168 1676 ex
191 1614 222 1675 te
246 1610 411 1694 pependit,
439 1609 495 1673 sed
517 1629 603 1671 nuno
625 1630 711 1691 vere,
738 1608 890 1691 arbitror,
918 1629 1008 1672 sacro
1032 1609 1065 1670 et
1086 1624 1158 1670 ve·

78 1725 110 1772 11
129 1700 265 1765 nerabili
288 1720 342 1764 ore
365 1704 416 1763 tuo
438 1697 587 1761 trahitur.
620 1695 748 1762 Crimen
764 1695 935 1780 parricidii,
959 1694 1043 1780 quod
1057 1694 1143 1759 mihi

131 1790 291 1856 obiectum
319 1789 382 1871 001,
412 1790 469 1849 tua
496 1786 583 1849 salus
610 1784 721 1849 diluet:
754 1789 899 1849 servatus
922 1806 942 1848 a
963 1805 1016 1848 me
1037 1783 1143 1849 vitam

129 1878 209 1942 mihi
231 1876 365 1942 dederis.
401 1873 466 1940 Oro
490 1894 679 1958 quaesoque,
702 1873 821 1938 omisso
842 1876 933 1952 metu,
947 1875 1057 1955 patere
1075 1892 1143 1936 me-

130 1967 347 2030 dicamentum
378 1962 505 2046 eoneipi
536 1963 640 2026 venis:
685 1961 759 2025 laxa
789 1962 952 2045 paulisper
987 1960 1145 2043 animum,

130 2075 226 2139 quem
248 2051 475 2135 intempestiva
498 2050 712 2114 sollieitudine
736 2050 928 2114 amieisane
943 2049 1062 2132 fideles,
1084 2048 1144 2113 sed

130 2142 266 2206 moleste
289 2138 391 2203 seduli
411 2137 565 2203 turbant?
600 2137 676 2203 Non
696 2160 842 2202 securum
859 2137 955 2202 modo
977 2137 1057 2202 haee
1069 2158 1145 2221 vox,

71 2228 75 2233 ’
132 2230 189 2294 sed
217 2229 315 2292 etiam
340 2228 462 2291 laetum
488 2242 598 2312 regem
625 2249 662 2291 ao
685 2227 815 2310 plenum
837 2227 942 2292 bonae
964 2226 1034 2310 spei
1055 2224 1145 2290 feeit

80 2341 112 2388 11
130 2317 257 2401 Itaque:
294 2314 340 2379 ‘si
372 2314 426 2399 di',
461 2316 579 2399 inquit,
611 2314 787 2399 ‘Philippa
818 2315 879 2380 tibi
909 2314 1146 2398 permisissent,

132 2428 195 2491 quo
219 2405 357 2469 maxime
379 2403 475 2469 modo
498 2404 605 2486 velles,
628 2404 771 2468 animum
787 2403 924 2488 experiri
937 2424 1053 2487 meum,
1075 2403 1144 2468 alio

131 2495 276 2579 profecto
300 2493 463 2578 voluisses,
486 2491 542 2556 sed
565 2492 711 2575 00111010,
737 2514 834 2576 quam
857 2495 1006 2575 expertus
1030 2512 1079 2576 es,
1099 2512 1146 2556 ne

133 2584 278 2737 31111Σέ
306 2582 460 2736 1111111
485 2580 571 2734 lit
586 2580 1147 2752 0313331ngqafflsa,mqqq

132 2759 195 2822 fide
218 2781 315 2843 quam
337 2781 396 2841 pro
419 2780 492 2822 mea
514 2759 617 2822 salute
640 2778 710 2821 0000
733 2756 925 2822 sollicitum?
966 2755 1057 2821 Haeo
1080 2757 1147 2821 elo·

82 2850 226 2917 13011100
249 2846 393 2909 dextram
416 2845 564 2930 Philippo
588 2845 689 2910 offert
721 2843 870 2910 Ceterum
893 2848 986 2910 tanta
1008 2845 1056 2909 vis
1079 2853 1203 2919 111016

129 2934 305 2999 'dieamenti
332 2932 408 3016 fuit,
439 2936 489 3018 ut,
521 2955 602 3018 quae
632 2938 741 2998 secuta
768 2938 856 3018 sunt,
888 2933 1149 2999 criminationem

106 3029 109 3033 ’
133 3021 357 3087 Parmenionis
380 3021 567 3085 adiuverint
601 3020 798 3087 Interclusus
821 3023 952 3106 spiritus
975 3025 1043 3086 arte
1060 3042 1149 3086 mea-

82 3134 116 3183 11
134 3113 200 3177 bat.
240 3108 309 3175 Neo
331 3108 497 3192 Philippus
521 3109 693 3194 quiequam
715 3111 916 3195 inexpertum
939 3111 1061 3176 omisit:
1091 3110 1149 3175 ille

25 3263 28 3268 .
133 3201 278 3265 fomenta
309 3198 437 3281 corpori
468 3196 625 3282 admovit,
658 3199 712 3262 ille
744 3202 924 3283 torpentem
955 3220 1041 3263 nuno
1073 3199 1150 3284 eibi,

82 3309 115 3359 11
134 3309 220 3352 nuno
251 3287 319 3352 vini
345 3287 443 3351 odore
471 3286 631 3351 excitavit.
674 3287 783 3372 Atque
808 3292 846 3352 ut
867 3289 1007 3371 primum
1029 3286 1149 3352 mentis

135 3379 316 3459 compotem
339 3395 408 3440 0000
431 3375 543 3458 sensit,
565 3376 661 3440 modo
680 3376 792 3440 matris
810 3386 1027 3460 sororumque,
1049 3374 1150 3441 modo

134 3469 246 3528 tantae
268 3465 422 3531 victoriae
445 3463 732 3548 adpropinquantis
746 3463 916 3529 admonere
930 3486 998 3530 non
1012 3463 1150 3529 destitit.

65 3573 108 3617 rs
128 3552 176 3614 [lt
198 3575 273 3616 xero
293 3553 569 3618 medicamentum
593 3573 627 3619 00
650 3551 778 3617 diffudit
797 3553 836 3616 in
853 3574 953 3616 renas
975 3551 1150 3617 etsensim
