2422 3892
249 134 502 192 HISTORIARUM
519 132 736 188 ALEXANDRI
753 132 788 202 V,
807 139 831 187 2.
851 133 891 188 3.’
1025 133 1067 198 87

63 303 186 367 quoque
209 280 328 364 accipe,
355 300 513 360 mensam,
537 299 576 342 ex
599 300 663 363 qua
683 277 799 342 libavit
820 277 924 343 hostis
947 277 1068 362 epulas,

64 371 124 434 tuis
146 369 281 454 pedibus
304 389 374 432 esse
397 366 592 432 subiectam!

24 457 48 520 9
147 457 217 522 Rex
234 456 375 521 Persidis
397 455 495 519 finem
518 453 662 543 aditurus
681 452 763 520 Susa
780 454 892 518 urbem
907 452 1067 519 Archelao
1088 475 1121 521 1o

63 547 97 609 et
110 545 360 630 praesidium'm
375 544 500 607 milium
518 542 666 607 tradidit:
688 541 872 625 Xenophilo
891 541 975 606 arcis
993 562 1070 606 cura

63 634 212 699 mandata
234 637 284 698 est
309 633 397 697 mille
424 630 638 695 Macedonum
665 633 771 695 aetate
798 630 950 716 gravibus
978 650 1068 712 prae·

63 720 162 786 sidere
197 722 278 787 arcis
310 720 473 786 custodiae
505 719 615 786 iussis:
651 718 878 784 thesaurorum
906 716 1069 784 Callicrati
1089 737 1121 786 1'1

61 810 161 879 tutela
189 809 361 894 permissa:
394 810 542 890 satrapea
568 806 710 891 regionis
737 805 892 872 Susianae
918 805 1070 870 restituta

61 896 222 962 Abulitae.
266 896 405 961 Matrem
432 916 559 978 quoque
586 898 619 958 et
645 894 762 964 liberos
789 895 870 977 roges
896 893 931 958 in
958 893 1070 957 eadem

61 984 140 1048 urbe
169 986 307 1068 deponit.
360 981 410 1047 Ac
436 983 520 1047 forte
542 981 765 1049 Macedonicas
792 985 897 1046 vestes
920 983 1121 1050 multam-18

62 1093 125 1154 que
151 1093 327 1154 purpuram
354 1071 438 1134 dono
467 1091 505 1132 ex
530 1069 721 1134 Macedonia
752 1069 816 1134 sibi
841 1070 975 1134 missam
997 1091 1070 1134 cum

61 1157 127 1240 his,
153 1180 234 1241 quae
257 1157 474 1239 confecerant,
500 1157 586 1220 tradi
608 1155 784 1240 Sisigambi
805 1156 896 1220 iubet
916 1192 960 1202 —
983 1157 1071 1221 omni

62 1265 202 1328 namque
224 1246 346 1309 honore
373 1265 444 1307 eam
471 1246 504 1307 et
528 1243 587 1306 filii
609 1264 737 1326 quoquc
758 1243 879 1326 pictate
900 1244 1070 1326 proseque-

63 1331 158 1394 batur
172 1331 454 1413 —admonerique
475 1330 578 1413 iussit,
600 1333 645 1412 ut,
668 1331 696 1394 si
723 1330 811 1394 cordi
830 1351 956 1414 quoque
972 1329 1070 1394 vestis
1091 1333 1122 1398 1'9

60 1420 159 1500 essct,
191 1418 345 1481 conficere
372 1437 443 1480 eam
469 1419 582 1499 neptes
615 1439 689 1481 suas
717 1416 948 1482 adsuefaceret:
986 1417 1070 1482 dono

62 1524 110 1587 se,
142 1525 223 1588 quae
256 1503 419 1586 docerent,
448 1503 533 1588 dare.
581 1501 633 1568 Ad
664 1504 749 1569 hanc
779 1525 890 1569 vocem
919 1505 1071 1569 lacrimae

26 1637 29 1642 -
61 1591 195 1655 obortae
235 1591 402 1674 prodidere
445 1591 587 1655 animum
627 1593 829 1674 aspernantis
868 1592 901 1656 id
937 1611 1070 1657 munus:

60 1679 177 1761 quippo
203 1699 271 1742 non
294 1676 380 1742 aliud
401 1678 506 1763 magis
528 1679 563 1741 in
586 1680 813 1744 contumeham
834 1678 1004 1743 Persarum
1025 1679 1071 1743 fe·
1133 1752 1137 1763 ¹

61 1767 169 1830 minae
193 1765 366 1848 accipiunt,
389 1788 486 1849 quam
508 1765 678 1830 admovere
698 1767 791 1831 lanae
814 1788 939 1830 manus.
979 1765 1070 1831 Nun·
1089 1766 1138 1837 uo'

61 1854 158 1936 tiant,
195 1853 250 1936 qui
282 1852 367 1916 dona
402 1853 556 1932 tulerant,
591 1854 719 1918 tristem
750 1875 820 1919 esse
855 1852 1071 1938 Sisigambim,

61 1941 224 2026 dignaque
247 1962 299 2005 res
322 1943 356 2004 et
377 1941 579 2006 excusatione
602 1946 634 2005 et
652 1942 771 2007 solacio
789 1942 866 2007 visa.
900 1940 974 2025 Ipse
993 1962 1071 2025 ergo
1122 2009 1126 2017 ,

61 2029 209 2112 pervenit
230 2027 271 2092 ad
292 2049 363 2093 eam
382 2031 422 2111 et,
446 2027 581 2112 ‘Mater',
603 2030 718 2114 inquit,
741 2029 836 2094 ‘hanc
854 2034 985 2114 uestem,
1007 2052 1071 2114 qua

61 2116 193 2181 indutus
220 2137 306 2199 sum,
337 2137 483 2181 sororum
509 2138 577 2182 non
603 2118 723 2182 donum
751 2120 867 2201 solum,
899 2118 1071 2182 sedetiam

63 2225 145 2285 opus
162 2203 264 2267 vides:
287 2205 391 2268 nostri
414 2205 564 2289 decepere
582 2227 633 2269 me
650 2227 766 2271 mores.
812 2204 905 2289 Cave,
928 2207 1071 2290 obsecre,
1090 2227 1121 2276 21

62 2291 99 2354 in
125 2291 351 2356 contumeliam
378 2294 537 2376 acceperis
563 2293 800 2377 ignorationem
822 2315 936 2358 meam.
982 2293 1071 2368 Quae

62 2379 112 2442 tui
133 2379 231 2443 moris
254 2400 324 2444 esse
346 2381 492 2464 cognovi,
514 2384 552 2445 ut
574 2403 676 2465 spero,
700 2382 825 2466 abunde
844 2384 972 2445 servata
987 2385 1071 2444 sunt

62 2464 136 2531 Scio
169 2467 255 2550 apud
286 2489 343 2532 vos
374 2469 440 2532 filio
471 2469 506 2532 in
537 2472 710 2552 conspectu
741 2469 854 2533 matris
880 2468 972 2532 nefas
1000 2489 1070 2533 esse
1089 2489 1122 2538 22

62 2556 241 2637 considere,
267 2555 332 2619 nisi
359 2577 431 2619 cum
454 2556 510 2620 illa
532 2557 690 2638 permisit:
723 2556 1007 2639 quotienscumque
1031 2554 1071 2618 ad

61 2647 94 2706 te
116 2643 203 2725 veni,
227 2643 340 2725 donec,
361 2647 399 2706 ut
421 2643 627 2727 considerem,
649 2643 814 2726 adnueres,
836 2641 948 2705 restiti.
993 2640 1071 2705 Pro-

61 2729 222 2800 cumbens
237 2729 382 2792 venerari
404 2751 456 2792 me
479 2751 573 2812 saepe
594 2730 740 2795 voluisti:
767 2729 900 2794 inhibui.
944 2728 1071 2793 Dulcis·
1138 2726 1143 2734 ’

62 2818 162 2883 simae
185 2815 282 2880 matri
301 2814 482 2899 Olympiadi
503 2839 623 2882 nomen
641 2817 785 2882 debitum
806 2818 867 2884 libi
888 2816 1008 2883 reddo!

489 2974 566 3040 Chr.
588 2973 647 3041 ΠΙ.

10 3079 53 3145 10
150 3078 300 3165 Mitigato
328 3079 435 3145 animo
463 3081 531 3146 eius
558 3102 614 3144 rex
642 3082 765 3166 quartis
788 3082 901 3148 castris
923 3083 1103 3165 pervenitl
1173 3095 1175 3098 ’

62 3167 104 3233 ad
126 3167 248 3253 'lhgrim
271 3168 410 3233 fluvium.
455 3168 641 3254 Pasitigrim
662 3170 786 3256 incolae
808 3173 938 3235 vocant:
969 3170 1071 3234 oritur

60 3256 97 3320 in
131 3257 294 3321 montibus
326 3255 483 3322 Uxiorum
519 3260 552 3321 et
585 3280 642 3341 per
678 3275 700 3321 n
732 3257 837 3323 stadia
869 3257 1069 3323 silvestribus

61 3344 141 3426 ripis
163 3366 315 3427 praeceps
337 3345 422 3409 inter
445 3367 522 3410 saxa
542 3344 731 3411 devolvitur.
765 3345 939 3429 Accipiunt
956 3345 1069 3410 deinde
1089 3367 1105 3413 2

61 3453 135 3496 eum
158 3433 275 3515 campi,
299 3454 378 3515 quos
401 3433 605 3498 clementiore
628 3434 717 3497 alveo
740 3433 916 3516 praeterit,
930 3433 1007 3494 'tam
1021 3451 1084 3490 ns.-

60 3520 149 3586 vium
168 3521 306 3602 patiens.
338 3537 387 3587 nc
409 3525 486 3588 sunt
508 3521 617 3589 stadia
639 3522 808 3590 mollioris
831 3521 912 3601 soh,
927 3536 994 3598 qen
1017 3508 1119 3590 ΨΜ
