2422 3892
282 155 536 212 fflsuoamuun
553 154 769 210 rhamnum
786 153 839 226 ΙΙΙ,
859 159 900 211 11.
921 160 961 212 ΙΙ.
1085 152 1129 217 23

116 303 247 390 licentia
268 304 449 387 vagaretur.
480 301 571 366 Tunc
593 321 669 366 vero
693 299 871 384 inpotentis
889 299 1039 364 fortunae
1057 319 1129 382 spe·
1146 315 1183 370 23

117 393 182 456 cies
205 391 346 474 conspici
368 391 487 474 potuit,
516 411 589 453 cum
611 389 648 473 ii,
678 389 733 472 qui
754 387 860 452 Dareo
884 387 1129 451 tabernaculum

119 482 359 562 exornaverant,
382 478 469 543 omni
482 478 560 542 luxu
574 480 607 542 et
624 476 787 561 opulentia
804 477 1005 559 instructum,
1019 473 1130 539 eadem

119 568 176 631 illa
188 567 381 650 Alexandro,
404 566 495 651 quasi
509 565 610 630 veteri
624 565 763 649 domino,
783 564 999 629 reservabant
1031 561 1129 627 Nam·

99 676 181 739 que
207 656 240 720 id
268 657 372 720 solum
399 654 558 719 intactum
585 654 761 719 omiserant
789 651 907 717 milites
935 652 982 722 ita
1010 649 1139 720 nanu,

122 765 222 828 more,
254 748 291 808 ut
318 743 472 807 victorem
499 741 577 807 victi
598 742 683 826 regis
706 742 914 805 tabernaculo
937 740 1129 823 exciperent.

68 833 111 899 29
122 827 182 896 Sed
214 833 357 896 omnium
389 832 499 896 oculos
531 831 717 913 animosque
749 830 783 894 in
815 830 917 893 semet
949 831 1131 892 averterant
1147 836 1185 888 24

121 921 264 1003 captivae
297 923 401 984 mater
427 919 606 1003 coniuxque
632 917 745 981 Darei:
781 918 837 981 illa
868 938 935 982 non
962 917 1131 980 maiestate
1201 971 1205 976 .

121 1009 233 1092 solum,
248 1009 304 1072 sed
318 1009 416 1073 etiam
435 1010 539 1071 aetate
553 1006 753 1089 venerabilis,
766 1005 847 1070 baec
855 1003 977 1070 formae
991 1004 1132 1088 pulchri-

120 1096 232 1160 tudine
254 1117 296 1159 ne
328 1096 384 1159 illa
417 1094 544 1179 quidem
567 1099 653 1160 sorte
676 1096 855 1176 corruptae.
899 1091 1075 1176 Receperat
1097 1093 1132 1156 in

122 1184 229 1247 sinum
251 1183 352 1246 filium
375 1182 520 1247 nondum
543 1187 668 1247 sextum
691 1203 812 1245 annum
830 1181 945 1244 aetatis
959 1201 1132 1265 egressum,

121 1272 158 1333 in
189 1291 280 1355 spem
311 1274 422 1335 tantae
449 1270 612 1352 fortunae,
640 1272 795 1353 quantam
821 1271 913 1352 pater
940 1269 1007 1332 eius
1034 1268 1132 1351 paulo

122 1361 196 1421 ante
219 1358 380 1442 amiserat,
403 1357 557 1442 genitum.
600 1356 647 1420 At
666 1357 703 1420 in
725 1357 847 1441 gremio
871 1377 951 1419 anus
975 1356 1065 1420 aviae
1088 1355 1132 1419 ia·
1150 1363 1186 1415 25

121 1447 237 1510 cebant
269 1446 396 1510 adultae
429 1446 510 1510 duae
541 1445 697 1529 virgines,
726 1465 792 1509 non
821 1465 879 1508 suo
907 1447 1048 1526 tantum,
1076 1442 1132 1507 sed

122 1535 219 1598 etiam
241 1534 327 1599 illius
350 1554 495 1599 maerore
518 1534 693 1598 confectae.
728 1531 849 1617 Ingens
879 1532 1058 1596 circaeam
1074 1552 1132 1596 no-

122 1622 235 1686 bilium
264 1621 457 1686 feminarum
483 1622 580 1686 turba
607 1621 796 1686 constiterat
817 1620 966 1684 laceratis
990 1620 1132 1685 crinibus

123 1710 327 1793 abscissaque
350 1713 447 1794 veste,
471 1710 600 1794 pristini
623 1709 746 1773 decoris
768 1709 980 1792 immemores,
1003 1709 1132 1792 reginas

124 1797 332 1880 dominasque
354 1798 437 1862 veris
456 1797 628 1882 quondam,
649 1802 728 1862 tunc
747 1797 860 1860 alienis
878 1795 1066 1861 nominibus
1085 1795 1132 1859 in·

127 1888 285 1949 vocantes.
320 1884 400 1949 Illae
423 1907 499 1950 suae
523 1885 717 1950 calamitatis
742 1885 870 1968 oblitae,
891 1885 926 1947 in
944 1887 1017 1948 utro
1032 1895 1185 1948 comum

123 1971 248 2058 Dareus
265 1974 414 2058 stetisset,
438 1996 518 2058 quae
532 1974 664 2039 fortuna
678 1973 870 2038 discriminis
883 1972 1006 2056 fuisset,
1029 1973 1133 2054 requi-

123 2061 251 2126 rebant:
274 2063 440 2148 negabant
462 2084 496 2127 se
520 2066 641 2146 captas,
664 2063 691 2126 si
713 2061 834 2126 viveret
855 2082 921 2126 rex.
956 2058 1019 2126 Sed
1041 2061 1133 2125 illum
1204 2099 1208 2106 ·

121 2171 222 2234 equos
245 2150 381 2215 subinde
403 2153 582 2215 mutantem
604 2151 733 2235 longius
755 2150 836 2234 fuga
859 2149 1045 2215 abstulerat.

211 2237 251 2302 In
273 2239 341 2303 acic
363 2242 472 2303 autem
490 2261 583 2304 caesa
601 2243 677 2304 sunt
690 2238 862 2302 Persarum
879 2236 1024 2322 peditum
1041 2238 1131 2304 cmi-
1152 2248 1185 2321 aa

121 2325 180 2410 lia,
203 2325 312 2391 decem
334 2323 493 2411 equitum·
531 2328 577 2391 At
606 2350 626 2393 a
654 2330 747 2411 parte
768 2326 944 2390 Alexandri
972 2326 1014 2389 ad
1041 2330 1132 2410 quat·

121 2418 198 2488 tuor
225 2415 316 2480 maleit
343 2415 513 2500 quingenti
545 2416 645 2481 saucii
671 2416 774 2497 fuere,
806 2435 845 2478 ex
875 2413 1038 2498 peditibus
1071 2431 1133 2479 ccc

124 2503 255 2567 omnino
279 2506 312 2567 et
334 2503 397 2568 duo
420 2504 592 2569 desiderati
615 2507 700 2587 sunt,
723 2501 867 2585 equitum
890 2505 1018 2564 centum
1042 2501 1133 2583 quin-

123 2591 279 2674 quaginta
305 2591 474 2657 interfecti
519 2591 659 2656 Tantulo
686 2589 840 2673 inpendio
862 2588 976 2671 ingens
1000 2588 1134 2652 victoria

124 2678 224 2741 stetit.
709 2730 712 2737 .

540 2834 618 2916 Onu,
640 2834 711 2899 XII.

70 2945 114 3010 30
211 2941 282 3007 Rex
304 2942 432 3026 quidem
452 2940 595 3006 Dareum
615 2942 834 3026 persequendo
857 2942 1023 3027 fatigatus,
1045 2946 1167 3026 post-1

124 3053 220 3114 quam
244 3033 278 3112 et
298 3053 365 3096 nox
388 3030 560 3115 adpetebat
583 3033 616 3094 et
637 3030 851 3114 consequendi
874 3054 947 3115 spes
969 3054 1037 3096 non
1056 3033 1134 3114 erat,

122 3119 159 3183 in
185 3122 291 3184 castra
318 3120 415 3203 paulo
443 3123 518 3183 ante
545 3141 565 3184 a
592 3120 657 3183 suis
681 3123 776 3204 capta
798 3118 953 3204 pervenit.
998 3118 1167 3186 Iuvitaria

124 3206 251 3270 deinde
274 3209 413 3292 amicos,
459 3208 574 3294 quibus
610 3209 748 3272 maxime
784 3208 987 3290 adsueverat,
1032 3207 1134 3289 iussit,

124 3293 242 3379 quippe
278 3318 403 3360 summa
435 3297 604 3361 dumtaxat
635 3297 716 3360 cutis
748 3296 784 3359 in
814 3295 934 3359 femine
964 3294 1135 3378 perstricta
1183 3317 1187 3325 ·

123 3403 190 3446 non
225 3384 420 3467 prohibebat
455 3385 609 3449 interesse
641 3383 801 3448 convivio:
843 3403 915 3446 cum
946 3384 1079 3465 repente
1117 3401 1168 3450 ea

122 3471 269 3554 proximo
295 3473 504 3537 tabernaculo
531 3471 677 3556 lugubris
704 3471 825 3535 clamor
847 3470 990 3534 barbaro
1009 3469 1150 3530 ululatu

122 3559 318 3644 planctuque
350 3563 529 3645 permixtus
566 3556 978 3657 epulantesconterru'nb
1032 3549 1176 3638 mm*
