2422 3892
115 133 160 193 44
488 130 520 196 Q.
539 130 648 185 CURTI
666 129 753 184 RUFI

114 274 277 339 tinentes?
307 272 544 339 Senescendum
564 274 634 340 fore
657 277 785 338 tantum
809 277 966 338 terrarum
987 273 1037 336 vel
1055 272 1129 338 sine

80 364 238 447 oproelio
262 363 403 427 obeunti.
449 361 489 427 Se
518 384 594 427 vero
622 362 663 426 ad
688 364 795 446 ipsum
820 383 934 426 vocare
958 361 1128 446 desineret,

81 472 254 534 unamque
276 452 362 515 illius
385 451 482 515 exitio
506 473 539 515 se
560 472 629 515 esse
648 448 840 515 venturum?
875 448 1059 513 Alexander
1077 450 1128 534 iis,

116 540 171 621 qui
197 540 322 603 litteras
349 539 538 623 attulerant,
566 539 745 623 respondit,
769 537 912 602 Dareum
934 538 996 602 sibi
1019 539 1128 602 aliena

115 627 302 709 promittere
324 630 365 710 et,
387 627 473 710 quod
490 631 595 691 totum
615 628 767 710 amiserit,
789 628 870 691 velle
888 626 1011 709 partiri.
1045 626 1128 691 Doti

116 715 178 777 sibi
201 715 271 778 dari
292 714 442 800 Lydiam,
463 713 574 799 Ionas,
596 715 777 799 Aeolidem,
798 713 1002 798 Hellesponti
1026 735 1127 798 oram,

116 803 268 866 victoriae
291 824 367 866 suae
389 805 540 886 praemia.
574 802 677 888 Leges
698 807 805 867 autem
824 825 843 866 a
861 802 1035 867 victoribus
1055 802 1129 886 dici,

117 889 219 972 accipi
246 910 266 953 a
292 891 399 955 victis:
435 893 470 956 in
496 897 570 956 utro
599 897 686 955 statu
713 891 808 955 ambo
837 894 958 974 essent,
987 890 1015 954 si
1037 893 1126 956 solus

81 977 293 1062 signoraret,
325 980 582 1063 quamprimum
604 978 709 1043 Marte
732 979 923 1042 decerneret
969 976 1009 1042 Se
1033 980 1126 1062 [quo-

117 1062 205 1150 que],
236 1087 310 1130 cum
335 1068 488 1132 transiret
513 1089 615 1151 mare,
641 1089 709 1132 non
736 1064 883 1131 Ciliciam
909 1070 966 1129 aut
987 1065 1126 1149 Lydiam

118 1154 292 1237 -quippe
315 1157 400 1220 tanti
421 1157 497 1220 belli
520 1157 677 1241 exiguam.
690 1155 775 1219 hanc
798 1176 867 1219 esse
890 1155 1069 1219 mercedem
1083 1192 1126 1202 —

117 1240 172 1304 sed
186 1240 408 1327 Persepolim,
443 1249 540 1328 caput
570 1245 662 1329 regni
694 1244 775 1326 eius,
806 1241 925 1306 Bactra
952 1242 1066 1306 deinde
1094 1247 1127 1307 et

115 1327 285 1395 Ecbatana
310 1332 477 1415 ultimique
501 1331 641 1396 Orientis
669 1353 759 1395 oram
781 1331 915 1414 imperio
938 1329 1126 1396 destinasse.

118 1417 326 1501 Quocumque
352 1419 407 1482 ille
433 1419 545 1502 fugere
572 1419 743 1503 potuisset,
771 1419 877 1502 ipsum
905 1419 994 1500 sequi
1015 1440 1126 1501 posse:

118 1503 278 1568 desineret
290 1510 408 1568 terrere
422 1505 616 1589 fluminibus,
629 1527 724 1588 quem
738 1507 834 1570 sciret
846 1507 949 1570 maria
961 1507 1126 1571 transisse.

82 1612 98 1660 e
204 1591 310 1676 Reges
351 1592 479 1675 quidem
512 1593 594 1657 haec
628 1593 766 1657 invicem
801 1594 1004 1678 scripserant.
1062 1593 1127 1659 Sed
1137 1597 1181 1662 22

116 1676 236 1743 Rhodii
263 1680 375 1744 urbem
403 1702 495 1745 suam
529 1685 706 1765 portusque
742 1681 902 1746 dedebant
932 1681 1127 1748 Alexandro.

117 1766 176 1831 Ille
203 1765 348 1832 Ciliciam
375 1767 499 1833 Socrati
525 1770 702 1833 tradiderat
728 1769 858 1834 Philota
889 1771 1014 1855 regioni
1042 1771 1128 1836 circa

117 1853 239 1938 Tyrum
267 1857 354 1922 iusso
381 1857 570 1940 praesidere.
616 1855 754 1941 Syriam,
784 1879 865 1941 quae
894 1857 989 1922 Coele
1017 1861 1127 1942 appel-

117 1943 216 2026 latur,
247 1944 474 2010 Andromacho
505 1945 674 2009 Parmenio
705 1945 882 2010 tradiderat
910 1947 1008 2029 bellu,
1040 1947 1128 2030 quod

67 2050 100 2098 ιο
118 2034 297 2114 supererat,
324 2033 545 2096 interfuturus.
588 2032 658 2096 Rex
683 2032 922 2116 Hephaestione
949 2033 1128 2100 Phoenices

119 2137 208 2180 oram
236 2119 337 2182 classe
364 2121 564 2202 praetervehi
590 2121 678 2184 iusso
709 2121 750 2184 ad
776 2122 889 2185 urbem
912 2120 1031 2186 Gazam
1053 2145 1129 2187 cum

119 2205 267 2269 omnibus
290 2208 390 2290 copiis
413 2207 509 2271 venit.

66 2313 97 2361 11
205 2291 324 2357 Iisdem
352 2294 420 2358 fere
447 2295 558 2361 diebus
586 2297 740 2361 sollemne
768 2301 837 2361 erat
863 2298 1020 2363 ludicrum
1043 2297 1129 2362 Isth-

118 2380 269 2464 miorum,
292 2382 378 2464 quod
401 2389 560 2449 conventu
581 2386 682 2449 totius
697 2384 849 2449 Graeciae
867 2386 1055 2451 celebratur.
1086 2386 1129 2451 In

119 2489 156 2533 eo
187 2470 323 2534 concilio
351 2469 477 2554 Graeci,
507 2476 545 2536 ut
574 2476 651 2537 sunt
676 2474 871 2556 temporaria
896 2475 1042 2559 ingenia,
1073 2473 1128 2539 de-

119 2561 266 2640 cernunt,
298 2562 335 2622 ut
360 2577 408 2623 xv
429 2560 614 2644 legarentur
636 2561 676 2624 ad
699 2582 821 2645 regem,
851 2561 906 2644 qui
928 2563 970 2626 ob
992 2584 1044 2626 res
1066 2584 1128 2645 pro

119 2645 222 2709 salute
253 2667 291 2710 ac
321 2647 470 2712 libertate
502 2647 654 2714 Graeciae
682 2654 789 2733 gestas
816 2671 970 2714 eoronam
997 2671 1129 2714 auream

66 2732 237 2800 redonum
269 2735 421 2800 victoriae
453 2736 581 2802 ferrent.
630 2737 720 2801 Idem
750 2737 848 2820 paulo
880 2742 956 2801 ante
985 2739 1128 2802 incertae

117 2821 224 2884 famae
256 2826 465 2905 captaverant
491 2847 616 2909 auram,
647 2828 697 2908 ut,
729 2845 927 2909 quocumque
949 2826 1128 2909 pendentes

119 2909 243 2973 animos
266 2911 394 2974 tulisset
411 2910 554 2995 fortuna,
577 2917 793 2996 sequerentur.

66 3016 99 3065 18
207 2995 356 3062 Ceterum
380 3021 447 3063 non
469 3001 538 3083 ipse
567 3002 663 3065 modo
690 3022 747 3065 rex
769 3000 881 3065 obibat
902 3002 998 3065 urbes
1021 3001 1127 3066 adhuc
1135 3003 1181 3068 23

117 3085 229 3169 iugum
251 3087 377 3170 imperii
398 3091 590 3170 recusantes,
614 3088 669 3152 sed
687 3093 850 3171 praetores
869 3111 995 3172 quoque
1014 3090 1127 3174 ipsius,

119 3175 240 3259 egregii
273 3175 381 3259 duces,
412 3176 564 3259 pleraque
590 3176 788 3260 invaserant,
821 3174 916 3240 Calas
943 3177 1126 3262 Paphlago·

116 3263 215 3346 niam,
236 3263 421 3347 Antigonus
435 3261 641 3347 Lycaoniam.
674 3262 828 3329 Balacrus
842 3264 1005 3347 Hydarne,
1027 3264 1125 3329 Darei

65 3370 100 3418 14
117 3355 278 3434 praetore,
308 3355 457 3435 superato
481 3352 585 3417 denuo
608 3352 754 3417 Miletum
777 3354 875 3436 cepit:
905 3351 1125 3436 Amphoterus

117 3444 149 3504 et
162 3438 366 3525 Hegelochus
389 3458 455 3506 oux
468 3442 597 3504 navium
617 3444 717 3505 classe
733 3443 855 3506 insulas
868 3440 953 3505 inter
965 3441 1125 3505 Achaiam
1175 3517 1178 3522 1

64 3546 97 3596 15
117 3531 213 3613 atque
227 3528 339 3593 Asiam
354 3529 389 3592 in
403 3529 559 3595 dicionem
573 3528 748 3595 Alexandri
760 3530 959 3616 redegerunt.
992 3528 1124 3595 Tenedo
