2422 3892
317 149 569 206 HISTORIABUM
588 147 802 203 ALBXANDRI
819 147 858 217 V,
877 152 902 203 9.
1065 145 1128 211 103

120 297 268 382 petimus,
288 294 486 379 praefectum
507 293 648 378 regionis
672 291 740 356 eius
762 288 898 355 Bessum
920 308 1029 373 regem
1049 292 1127 353 tem-

121 385 208 468 poris
231 383 336 467 gratia
356 386 544 447 statuamus:
566 380 655 444 rebus
677 378 852 462 conpositis
875 377 961 442 iusto
981 376 1050 461 regi
1068 377 1129 441 tibi

69 471 321 546 tlfiduciarium
360 469 508 534 restituet
544 463 739 550 imperium.'
795 463 893 530 Haud
928 464 1046 528 mirum
1082 467 1163 533 ests

121 557 262 623 Dareum
288 557 355 622 non
375 560 571 639 temperasse
594 555 715 638 animo,
746 574 953 638 quamquam,
980 555 1049 616 tam
1071 552 1129 615 im·

122 647 195 729 piae
229 645 300 711 roci
331 647 486 728 quantum
517 642 608 707 nefas
639 642 793 726 subesset,
827 641 959 705 latebat.
1007 638 1129 723 Itaque,

123 731 341 815 fPessimum'‚
362 731 480 815 inquit,
504 729 728 812 mancipium,
750 729 920 813 repperisti
942 730 1129 810 exoptatum

124 821 182 884 tibi
203 824 343 904 tempus,
366 841 429 903 quo
452 818 658 901 parricidium
681 815 845 899 aperiresl'
869 816 1044 899 strictoque
1066 816 1181 884 aci-10

121 929 201 972 naec
226 907 453 972 interfecturus
481 926 554 970 eum
581 905 765 986 videbatur,
796 903 987 987 nipropere
1009 902 1129 967 Bessus

120 994 362 1077 Bactrianique,
406 994 497 1075 quasi
532 993 794 1076 deprecarentur,
838 991 979 1055 tristium
1015 991 1129 1074 specie,

122 1085 279 1163 ceterum,
316 1081 343 1144 si
378 1082 609 1163 perseveraret,
645 1079 796 1161 vincturi,
837 1078 1128 1144 circumstetissent.

121 1167 328 1233 Nabarzanes
345 1166 475 1231 interim
494 1167 630 1250 elapsus,
651 1187 726 1231 mox
744 1169 776 1230 et
788 1163 907 1231 Bessus
925 1170 1128 1231 consecutus:
1150 1187 1180 1233 11

123 1256 245 1339 copias,
276 1254 391 1337 quibus
418 1257 602 1338 praeerant,
634 1276 653 1317 a
684 1256 789 1319 cetero
820 1253 959 1317 exercitu
986 1253 1129 1318 secedere

122 1344 235 1407 iubent
264 1345 423 1406 secretum
449 1341 561 1406 inituri
588 1341 766 1407 consilium.
810 1339 990 1405 Artabazus
1017 1361 1182 1409 conve-12

121 1431 264 1495 nientem
290 1429 452 1513 praesenti
478 1428 627 1494 fortunae
650 1429 843 1494 sententiam
867 1449 958 1493 orsus
980 1428 1130 1513 mitigare

120 1517 270 1601 Dareum,
292 1521 474 1601 temporum
494 1517 670 1581 identidem
687 1517 873 1600 admonens,
891 1515 1010 1599 coepit:
1033 1516 1131 1586 ferret

123 1627 226 1688 aequo
247 1606 355 1670 animo
379 1606 669 1688 qualiumcumque,
694 1626 824 1671 suorum
846 1608 956 1669 tamen
978 1606 1030 1668 vel
1052 1606 1129 1669 stul·

122 1694 228 1756 titiam
251 1693 302 1757 vel
325 1713 472 1756 errorem.
516 1691 641 1756 Instare
663 1692 728 1756 iam
751 1691 968 1757 Alexandrum
991 1712 1130 1776 gravem,

124 1780 248 1844 etiamsi
275 1799 387 1844 omnes
413 1782 542 1861 praesto
570 1782 689 1844 essent:
726 1779 801 1863 quid
823 1780 980 1863 futurum,
1011 1780 1037 1843 si
1059 1801 1130 1862 per-

125 1867 225 1930 secuti
254 1866 366 1950 fugam
394 1866 495 1948 ipsius
523 1866 724 1930 alienentur?
768 1865 875 1951 Aegre
901 1866 1010 1949 paruit
1034 1866 1181 1935 Arta-13

123 1953 203 2018 bauo
226 1957 271 2038 et,
303 1974 496 2037 quamquam
518 1975 646 2018 movere
669 1956 775 2018 castra
797 1957 966 2037 statuerat,
992 1955 1130 2018 turbatis
1200 1977 1208 1989 ·

122 2044 231 2105 tamen
250 2041 404 2125 ,omnium
431 2041 547 2106 animis
574 2041 685 2107 eodem
712 2042 746 2106 in
771 2043 842 2107 loco
871 2041 1023 2107 substitit
1068 2039 1130 2106 Sed
1177 2110 1185 2126 ,

123 2130 280 2194 attonitus
307 2129 469 2193 maestitia
496 2127 592 2192 simul
618 2130 651 2193 et
676 2128 896 2214 desperatione
921 2130 1129 2196 tabernaculo

123 2237 157 2280 se
183 2215 321 2280 inclusit.
365 2215 454 2301 Ergo
480 2217 665 2300 incastris,
691 2239 772 2302 quae
794 2219 912 2283 nullius
934 2219 1130 2304 regebantur
1151 2237 1182 2284 14

122 2303 368 2388 imperio,.varii
390 2304 571 2369 animorum
588 2308 695 2370 motus
714 2309 807 2370 erant
824 2327 883 2370 nec
900 2306 936 2369 in
953 2327 1129 2387 commune,

122 2394 159 2456 ut
179 2394 263 2475 ante,
286 2392 520 2458 consulebatur.
556 2391 630 2457 Dux
643 2391 838 2458 Graecorum
856 2393 993 2456 militum
1007 2392 1130 2456 Patron
1150 2410 1182 2459 15

122 2501 211 2543 arma
229 2500 342 2564 capere
360 2501 434 2545 suos
452 2480 542 2544 iubet
559 2482 751 2563 paratosque
770 2501 838 2544 esse
855 2478 896 2543 ad
910 2479 1130 2561 exequendum

121 2567 307 2651 imperium:
339 2565 454 2631 Persae
477 2571 685 2631 secesserant:
711 2564 831 2631 Bessus
854 2587 927 2630 oum
948 2565 1129 2629 Bactrianis
1150 2585 1181 2632 16

122 2657 191 2716 erat
212 2654 454 2737 temptabatque
472 2652 587 2718 Persas
610 2653 774 2735 abducere,
796 2651 914 2716 Baetra
936 2655 969 2716 et
990 2652 1130 2717 intactae

122 2739 263 2821 regionis
287 2740 440 2821 opulenta
458 2740 624 2823 simulque,
646 2760 727 2823 quae
744 2739 949 2804 manentibus
962 2739 1130 2825 instarent,

122 2825 264 2907 pericula
285 2828 459 2890 ostentans.
494 2825 664 2891 Persarum
687 2827 831 2892 omnium
853 2828 964 2892 eadem
983 2827 1051 2892 fere
1068 2828 1131 2894 fuit

122 2934 198 2996 vox,
229 2912 321 2976 nefas
348 2933 418 2977 esse
445 2913 546 2977 deseri
572 2922 689 2999 regem}
732 2914 822 2979 Inter
848 2915 928 2980 haec
949 2914 1129 2981 Artabazus
1150 2936 1181 2983 rr

122 3001 271 3065 omnibus
294 3001 507 3084 imperatoriis
528 3002 724 3086 fungebatur
742 3002 869 3069 officiis:
892 3003 946 3068 ille
959 3002 1129 3069 Persarum

121 3088 328 3153 tabernacula
351 3089 528 3173 circumire,
555 3089 691 3173 hortari,
713 3113 842 3157 monere
865 3113 952 3157 nunc
975 3093 1129 3176 singulos,

121 3197 206 3240 nunc
228 3177 393 3242 universos
416 3199 482 3243 non
506 3181 581 3242 ante
600 3179 731 3262 destitit,
754 3186 851 3264 quam
870 3181 949 3244 satis
968 3183 1130 3244 constaret

114 3263 279 3345 imperata
313 3264 463 3331 facturos.
516 3266 607 3331 Idem
638 3287 733 3352 aegre
764 3289 784 3331 a
810 3267 916 3332 Dareo
947 3267 1130 3352 inpetravit,
1208 3270 1209 3274 ’

71 3381 72 3384 ¹
122 3352 158 3411 ut
180 3350 286 3415 eibum
309 3356 437 3439 caperet
458 3355 663 3440 animumque
684 3354 780 3419 rebus
804 3355 990 3422 adverteret
1049 3353 1051 3357 ’
