2422 3892
134 143 176 206 74
502 141 534 208 Q.
554 140 768 198 1111111111

130 287 203 352 nuit
229 284 439 352 Cadusiorum
466 284 718 370 Scytharumque
744 286 915 371 impetum,
941 284 1064 369 quippe
1092 285 1145 351 rix

130 379 289 459 temptato
315 375 489 440 certamine
514 375 634 459 refugit
656 373 697 438 ad
723 394 847 459 regem,
878 372 1075 437 amissorum
1096 372 1144 437 in·

81 484 113 533 11
132 464 387 546 pedimentorum
413 464 506 527 testis
530 463 634 547 magis
657 484 752 546 quam
774 461 899 526 vindex
942 458 1014 524 lam
1036 461 1144 525 consi·

131 552 210 615 lium
232 550 407 615 Alexandri
430 550 521 617 dolor
543 551 678 616 vicerat
701 552 746 628 et,
768 569 809 613 ne
831 569 909 613 cura
930 548 1145 632 recuperandi

133 660 191 703 sua
213 639 347 703 militem
370 661 390 702 a
411 639 532 722 proelio
556 641 728 720 averteret,
749 658 817 701 non
838 636 988 701 inmerito
1009 637 1144 701 verebar

131 730 194 791 tur.
225 726 339 811 Itaque
352 725 482 805 Areten,
500 727 612 791 ducem
625 726 828 791 hastatorum
842 762 884 772 —
900 724 1144 808 sarissophoros

81 834 114 884 14
132 815 292 878 vocabant
310 851 352 861 -
372 814 522 879 adversus
546 813 681 898 Scythas
703 813 812 877 mittit.
855 811 947 877 inter
967 812 1050 877 haec
1073 834 1144 877 cur-
1152 818 1188 884 51

131 922 196 984 rus,
218 902 273 985 qui
296 902 379 967 circa
401 903 494 988 signa
516 904 620 986 prima
640 903 850 966 turbaverant
871 900 982 984 aciem,
1003 901 1040 964 in
1063 901 1144 1003 pha·

132 989 261 1073 langem
287 990 405 1056 invecti
432 995 531 1056 erant
580 990 771 1055 Macedones
799 989 995 1054 confirmatis
1023 990 1144 1055 animis

81 1097 114 1148 15
132 1077 167 1140 in
189 1078 328 1144 medium
352 1100 469 1165 agmen
490 1079 660 1163 accipiunt.
691 1076 787 1143 Vallo
811 1077 925 1141 similis
947 1076 1032 1141 acies
1057 1080 1143 1142 erat·

132 1165 302 1231 iunxerant
322 1168 434 1233 hastas
457 1172 490 1232 et
512 1169 553 1232 ab
573 1170 708 1250 utroque
726 1166 825 1230 latere
842 1163 990 1230 temere
979 1186 1144 1230 mcurren·

131 1253 213 1319 tium
235 1257 290 1320 ilia
313 1256 537 1322 suffodiebant.
572 1253 746 1321 Circumire
769 1253 883 1318 deinde
902 1254 957 1334 [ct]
976 1274 1094 1318 currus
1112 1257 1145 1319 11

131 1348 387 1430 propugnatores
421 1344 630 1445 praecipitare
663 1345 842 1426 coeperunt
894 1340 1016 1426 Ingens
1048 1342 1145 1406 ruina

81 1452 114 1500 le
132 1451 286 1512 equorum
308 1433 554 1515 aurigarumque
577 1432 677 1494 aciem
700 1431 910 1514 conpleverat
941 1427 988 1492 Hi
1009 1430 1143 1496 territos

132 1537 242 1599 regere
272 1539 339 1581 non
365 1522 528 1601 poterant,
560 1519 616 1601 qui
642 1519 754 1582 crebra
780 1518 954 1582 iactatione
980 1518 1144 1583 cervicum

133 1624 198 1666 non
220 1605 331 1689 iugum
354 1605 448 1670 modo
472 1608 690 1689 excusserant,
720 1605 896 1671 sedetiam
919 1626 1032 1669 currus
1056 1627 1144 1671 ever·

132 1693 253 1777 terant,
284 1694 442 1758 vulnerati
464 1694 650 1760 interfectos
671 1695 857 1779 trahebant,
882 1713 943 1757 nec
965 1693 1144 1759 consistere

82 1802 114 1850 11
133 1782 237 1845 territi
267 1803 326 1848 nec
357 1783 507 1867 progredi
534 1782 653 1848 debiles
680 1785 839 1866 poterant.
883 1780 1010 1846 Paucae
1031 1784 1145 1848 tamen

133 1889 261 1934 evasere
294 1871 466 1956 quadrigae
498 1872 533 1935 in
559 1871 706 1936 ultimam
733 1871 834 1934 aciem
860 1868 917 1953 iis,
948 1869 1068 1953 quibus
1095 1870 1144 1935 in·

133 1957 289 2042 siderant,
312 1959 487 2022 miserabili
510 1962 612 2024 morte
639 1959 849 2041 consumptis:
883 1957 1001 2042 quippe
1030 1979 1144 2043 ampu-

133 2047 202 2106 tata
231 2047 370 2110 virorum
399 2047 542 2110 membra
567 2047 658 2111 humi
679 2047 840 2130 iacebant,
868 2048 908 2129 11,
931 2045 1007 2130 quia
1029 2046 1145 2111 calidis

135 2131 239 2195 adhuc
266 2133 452 2197 vulneribus
480 2134 591 2198 aberat
617 2135 720 2218 dolor,
750 2135 857 2198 trunci
879 2154 1007 2218 quoque
1033 2137 1070 2198 et
1092 2135 1145 2199 dc·

133 2218 214 2282 biles
237 2220 366 2304 quidam
389 2242 567 2287 armenon
590 2185 795 2305 omittebant,
818 2222 919 2286 donec
941 2222 1045 2287 multo
1070 2244 1145 2288 san·

82 2331 115 2380 18
134 2307 230 2391 guine
253 2308 352 2373 effuso
376 2309 548 2374 exanimati
570 2272 822 2394 procumbererit
867 2308 1003 2374 Interim
1024 2308 1145 2377 Aretes

134 2393 337 2498 Scytharum,
367 2399 422 2481 qui
448 2399 665 2482 inpedimenta
692 2399 900 2481 diripiebant
869 2397 1008 2463 tduce
1035 2398 1145 2465 occiso

134 2486 261 2569 marius
284 2485 404 2550 territis
426 2486 578 2551 instabat
617 2485 833 2570 Supervenere
857 2447 969 2550 deinde
992 2506 1012 2549 a
1033 2483 1145 2553 Dareo

133 2573 297 2640 Bactriani
332 2597 523 2661 pugnaeque
556 2579 679 2640 vertere
710 2575 883 2638 fortunam.
935 2572 1032 2637 Multi
1064 2595 1144 2660 ergo

132 2662 344 2735 Macedonum
380 2666 484 2748 primo
520 2665 642 2747 impetu
679 2662 791 2727 obtriti
826 2665 916 2745 sunt,
956 2662 1064 2746 plures
1104 2664 1146 2728 ad

82 2772 114 2822 19
133 2750 352 2816 Alexandrum
374 2753 569 2838 refugerunt.
606 2751 689 2815 Tum
711 2750 828 2814 Persae
847 2750 985 2815 clamore
1002 2749 1145 2836 sublato,

134 2838 261 2920 qualem
279 2840 415 2904 victores
435 2841 540 2905 solent
557 2840 657 2921 edere,
675 2839 822 2903 ferociter
839 2838 874 2901 in
891 2838 1028 2921 hostem,
1048 2840 1145 2922 quasi

134 2924 251 3008 ubique
282 2926 500 3010 profligatum,
536 2929 746 2992 incurrerunt
799 2925 982 2990 Alexander
1009 2927 1145 2994 territos

134 3013 304 3098 castigare,
336 3013 513 3097 adhortari,
545 3015 714 3098 proelium,
747 3015 831 3099 quod
858 3014 922 3078 iam
945 3014 1146 3100 elanguerat,

135 3102 223 3166 solus
246 3101 429 3167 accendere:
462 3103 720 3188 confirmatisque
746 3103 876 3167 tandem
899 3101 1014 3166 animis
1037 3102 1087 3167 111
1110 3105 1145 3168 in

81 3213 115 3263 20
132 3190 260 3255 hostem
282 3190 380 3255 iubet.
417 3188 533 3254 Rarior
556 3191 640 3253 acies
663 3192 788 3255 eratin
811 3191 922 3256 dextro
945 3211 1046 3255 cornu
1066 3189 1193 3261 Per-58

134 3300 253 3358 aarum,
285 3299 424 3363 namque
450 3278 524 3342 inde
546 3277 710 3343 bactriani
736 3280 949 3343 discesserant
971 3278 1011 3342 ad
1034 3280 1145 3364 oppri-

133 3368 249 3431 menda
272 3367 498 3452 inpedimenta.
533 3367 647 3453 Itaque
660 3366 843 3432 Alexander
865 3367 990 3432 laxatos
1012 3367 1145 3435 ordines

81 3455 553 3526 111111111111111111111111
576 3456 718 3522 hostium
740 3454 910 3520 invehitur.
955 3453 1002 3518 At
1028 3456 1085 3540 qui
1108 3458 1146 3522 in

119 3545 216 3611 lacre
251 3568 353 3614 cornu
390 3549 485 3613 erant
520 3544 657 3625 Persae,
696 3565 755 3629 spe
782 3564 880 3627 posse
909 3564 985 3604 euru
1011 3543 1146 3627 includi,
