2422 3892
267 154 522 231 HISTORIARUM
540 153 755 209 ALEXANDRI
773 154 825 224 IV,
844 161 869 210 8.
887 160 912 210 9.
1054 155 1097 219 55

84 304 229 365 rotarum
255 298 350 382 plura
377 300 499 384 spicula
526 299 712 363 eminebant
741 299 776 363 in
803 298 985 381 adversm,
1014 299 1096 364 aliae

86 389 201 453 deinde
222 387 321 452 falces
344 388 534 452 summissae
556 391 700 453 rotarum
718 387 850 467 orbibus
870 386 1048 452 haerebant
1065 391 1098 452 et

87 476 169 539 aliae
192 477 227 540 in
249 480 368 540 terram
391 470 561 559 demissae,
593 474 747 560 quidquid
772 475 902 540 obvium
925 476 1095 540 concitatis

33 564 178 647 adequis
201 564 322 648 hrisset,
345 567 576 647 amputaturae.
616 561 687 628 Hoc
709 563 805 629 modo
828 564 986 628 instructo
1010 583 1132 632 exer-e
1188 585 1193 593 ·

88 652 154 715 citu
182 672 218 716 ac
244 656 426 735 perarmato
454 651 619 735 Babylone
652 652 761 736 copias
788 652 899 716 movit.
948 651 978 714 A
1006 654 1096 735 parte

88 739 199 803 dextra
221 744 290 804 erat
307 740 423 824 ligiis,
445 740 564 805 nobilis
586 739 713 825 fluvius,
734 741 859 805 laevam
881 740 1013 823 tegebat
1031 739 1096 804 Eu-

85 827 226 911 phrates,
245 849 362 913 agmen
374 827 627 912 Mesopotamiae
645 849 775 912 campos
791 828 978 911 inpleverat.
1006 828 1097 913 Tigri
1117 846 1131 895 7

87 916 200 980 deinde
237 920 401 1000 superato,
441 939 514 981 cum
551 915 693 980 audisset
724 915 812 980 haud
842 917 954 998 procul
986 916 1097 981 abesse

90 1003 230 1088 hostem,
263 1003 470 1089 Satropaten,
502 1005 646 1088 equitum
675 1003 884 1087 praefectum,
914 1024 987 1068 cum
1009 1005 1097 1069 mille

42 1153 45 1159 .
86 1091 218 1169 delectis
233 1093 429 1174 :praemisit
473 1092 603 1158 Mazaeo
634 1088 773 1174 praetori
811 1112 865 1155 sex
896 1092 987 1156 milia
1014 1093 1097 1175 data,

87 1178 204 1262 quibus
221 1179 359 1253 ,hostem
386 1180 525 1244 transitu
548 1180 652 1243 amnis
676 1182 811 1244 arceret:
843 1178 944 1243 eidem
966 1180 1132 1247 manda-e

87 1270 171 1350 tum,
190 1271 231 1353 ut
251 1268 426 1351 regionem,
449 1289 546 1350 quam
564 1267 746 1331 Alexander
764 1270 849 1331 esset
866 1266 1019 1350 aditurus,
1042 1289 1098 1350 po-

86 1352 253 1437 pularetur
274 1359 370 1439 atque
392 1359 514 1419 ureret:
542 1355 659 1439 quippe
682 1355 832 1419 credebat
857 1355 968 1437 inopia
994 1354 1099 1419 debel-

86 1443 147 1506 lari
173 1465 270 1526 posse
296 1444 379 1507 nihil
404 1443 590 1526 habentem,
621 1443 686 1506 nisi
713 1442 798 1527 quod
824 1442 979 1525 rapiendo
1007 1463 1098 1508 occu-
1169 1442 1177 1487 ἶ

86 1535 206 1614 passet:
242 1532 306 1615 ipsi
338 1536 445 1596 autem
477 1531 674 1597 commeatus
706 1531 762 1595 alii
793 1533 892 1614 terra,
924 1531 980 1595 alii
1006 1530 1098 1616 Tigri

87 1639 181 1682 amne
208 1619 475 1685 subvehebantur.
524 1618 593 1683 Iam
620 1622 809 1702 pervenerat
835 1618 955 1683 Arbela
982 1619 1132 1702 vicum,.e

87 1706 230 1769 nobilem
256 1728 314 1770 sua
345 1707 433 1772 clade
460 1708 611 1773 facturus.
655 1706 719 1771 Hic
745 1711 980 1771 commeatuum
1004 1708 1097 1770 sarei-

88 1813 266 1877 narumque
289 1795 410 1859 maiore
432 1798 524 1878 parte
547 1794 693 1878 deposita
705 1794 829 1876 Lycum
852 1815 980 1858 amnem
1000 1799 1098 1877 ponte

87 1879 194 1943 iunxit
220 1883 253 1944 et
278 1903 336 1964 per
362 1881 429 1946 dies
452 1882 597 1967 quinque
621 1883 704 1948 sicut
726 1885 799 1946 ante
822 1881 1012 1965 Euphraten
1034 1886 1098 1946 tra
1124 1941 1126 1945 ,

86 1969 162 2032 iecit
184 1970 366 2034 exercitum.
402 1969 481 2034 Inde
504 1971 671 2055 octoginta
691 1971 757 2034 fere
781 1971 885 2034 stadia
907 1991 1097 2055 progressus
1119 1990 1151 2038 10

87 2055 127 2119 ad
158 2057 293 2122 alterum
323 2079 451 2122 amnem
479 2095 522 2106 -—
544 2057 678 2122 Bumelo
708 2079 827 2122 nomen
854 2062 969 2122 est-
992 2062 1098 2123 castra

86 2146 203 2225 posuit.
243 2145 434 2229 Opportuna
451 2147 653 2230 >explicandis
676 2147 776 2230 copiis
798 2146 887 2231 regio
912 2149 989 2230 erat,
1012 2148 1096 2229 equi-

87 2231 194 2296 tabilis
222 2236 254 2297 et
275 2237 367 2298 vasta
388 2235 553 2317 planities:
580 2256 622 2299 ne
645 2235 761 2318 stirpes
784 2235 912 2318 quidem
934 2238 967 2298 et
989 2234 1099 2299 brevia
1180 2263 1185 2270 ·

87 2319 228 2404 virgulta
254 2323 404 2406 operiunt
428 2322 700 2407 solumliberque
722 2326 910 2406 prospectus
934 2323 1097 2386 oculorum

87 2408 184 2472 etiam
208 2409 248 2473 ad
271 2431 319 2493 ea,
341 2432 421 2495 quae
439 2410 551 2494 procul
568 2431 736 2493 recessere,
758 2410 970 2493 permittitur:
994 2413 1098 2493 atque,

86 2495 113 2558 si
136 2517 199 2580 qua
221 2499 327 2581 campi
345 2498 540 2582 eminebant,
561 2498 657 2562 iussit
674 2496 804 2580 aequari
821 2500 989 2579 totumque
1008 2497 1098 2560 fasti-
1122 2504 1126 2511 '

86 2584 175 2667 glum
198 2587 333 2649 extendi.
379 2604 381 2611 ’

33 2671 74 2735 37
175 2670 362 2747 1111111111
382 2674 437 2757 qui
459 2694 627 2736 numerum
650 2672 813 2754 copiarum
836 2671 918 2754 eius,
942 2674 1098 2754 quantum
1117 2690 1149 2738 11

84 2760 198 2842 procul
234 2759 407 2824 coniectari
442 2763 580 2843 poterat,
617 2759 833 2823 aestimabant
867 2759 920 2822 vix
953 2757 1099 2825 fecerunt

84 2846 182 2911 fidem
203 2849 254 2911 tot
276 2846 407 2911 milibus
430 2847 531 2911 caesis
554 2848 691 2912 maiores
709 2842 817 2930 copias
836 2867 905 2911 esse
922 2851 1097 2930 reparatas.

85 2934 237 3000 Oeterum
265 2935 371 2999 omnis
397 2935 530 3019 periculi
557 2939 590 3000 et
616 2936 753 2999 maxime
780 2935 994 3000 multitudinis
1022 2958 1096 3001 con·
1117 2949 1149 3002 11

83 3027 227 3107 temptor
248 3023 427 3088 undecimis·
447 3025 559 3089 castris
582 3025 623 3089 ad
639 3023 829 3107 Euphraten
850 3025 1008 3107 pervenit:
1032 3046 1095 3107 quo

84 3112 237 3196 pontibus
264 3113 385 3177 iuncto
403 3112 526 3198 equites
553 3113 675 3196 primos
697 3113 758 3196 ire,
788 3111 984 3197 phalangem
1007 3113 1098 3196 sequi

84 3200 183 3284 iubet,
205 3199 343 3284 Mazaeo,
367 3201 422 3286 qui
445 3200 486 3264 ad
507 3201 718 3266 inhibendum
740 3201 913 3265 transitum
932 3197 1000 3264 eius
1024 3221 1096 3263 cum

41 3358 44 3364 ,
85 3309 141 3351 sex
167 3289 297 3354 milibus
327 3291 471 3373 equitum
498 3293 690 3372 occurrerat,
712 3310 788 3375 ⁴non
816 3309 894 3352 auso
921 3288 1095 3371 periculum

85 3375 135 3439 sui
166 3376 278 3441 facere.
326 3376 445 3442 *Paucis
477 3375 591 3441 deinde
619 3398 687 3441 non
715 3376 755 3439 ad
782 3376 936 3461 quietem,
971 3376 1026 3439 sed
1056 3376 1096 3438 ad
1116 3394 1148 3442 13

84 3466 323 3547 praeparandos
342 3466 467 3529 animos
486 3465 598 3528 diebus
617 3463 701 3528 datis
719 3464 817 3528 militi
829 3467 963 3527 strenue
970 3465 1112 3525 hostem

83 3553 209 3634 insequi
232 3545 343 3635 coepit,
364 3556 524 3640 metuens,
547 3575 590 3620 ne
613 3552 778 3620 interiora
796 3552 903 3638 requi
921 3550 982 3612 111
997 3542 1139 3626 peteret
