2422 3892
224 155 477 238 mesoauauu
494 156 711 212 acerrumis
731 157 816 226 vrur,
835 165 859 214 4.
879 163 903 212 a
1008 157 1072 222 239

65 298 293 364 obruebantur.
342 299 484 364 Tandem
517 301 773 385 magnitudinem
806 301 940 383 periculi
972 301 1075 383 pudor

64 387 156 469 vicit,
184 387 300 470 quippe
324 389 497 452 cernebant
520 389 723 454 cunctatione
748 411 806 453 sua
833 389 905 452 dedi
926 389 1073 452 hostibus

64 494 182 558 regem.
220 472 281 538 Sed
299 475 483 540 festinando
503 477 712 541 morabantur
731 476 857 541 auxilia.
894 475 979 540 Nam
998 477 1073 558 dum
1092 489 1125 536 33

63 583 123 645 pro
147 583 182 625 se
206 563 338 646 quisque
362 568 465 629 certat
488 564 634 647 evadere,
663 586 835 630 oneravere
862 564 977 647 scalas,
1002 564 1074 647 quis

65 670 129 712 non
153 649 387 716 sufficientibus
412 653 555 717 devoluti
577 653 706 717 unicam
729 675 819 736 spem
841 653 929 735 regie
956 651 1074 716 fefelle-

65 740 149 802 runt.
195 734 311 803 Stabat
333 741 418 803 enim
442 740 477 803 in
500 745 674 824 conspectu
696 743 781 805 tanti
803 741 961 806 exercitus
985 741 1074 804 velut

64 825 99 888 in
121 825 295 892 solitudine
319 827 501 892 destitutus.

499 985 577 1050 Car.
601 984 640 1051 V.

15 1095 55 1160 19
152 1089 285 1175 Iamque
316 1090 455 1174 laevam,
493 1112 556 1173 qua
588 1091 727 1173 clipeum
760 1092 800 1156 ad
830 1093 914 1157 ictus
941 1094 1107 1158 circum-1

65 1177 203 1261 ferebat,
237 1179 416 1243 lassaverat
447 1178 662 1244 clamantibus
695 1179 821 1262 amicis,
850 1183 887 1244 ut
918 1181 958 1245 ad
985 1181 1074 1264 ipsos

67 1265 223 1348 desiliret,
243 1265 439 1349 stabantque
459 1267 635 1348 excepturi:
656 1288 729 1331 cum
747 1267 803 1332 illc
822 1288 891 1331 rem
909 1289 1004 1333 ausus
1025 1272 1075 1333 eet

64 1353 287 1418 incredibilem
302 1356 398 1436 atque
411 1354 590 1418 inauditam
604 1355 770 1438 multoque
785 1356 888 1439 magis
899 1356 939 1420 ad
953 1357 1075 1421 famam

65 1442 259 1505 temeritatis
279 1462 375 1524 quam
395 1442 533 1525 gloriam
545 1443 716 1526 insignem.
748 1442 896 1526 Namque
914 1444 948 1508 iu
961 1444 1074 1510 urbem
1093 1456 1109 1503 a

64 1529 209 1594 hostium
222 1529 353 1613 plenam
370 1530 539 1613 praecipiti
553 1532 639 1595 saltu
654 1532 826 1615 semetipse
840 1532 984 1616 immisit,
1002 1555 1075 1598 cum

65 1617 120 1681 vix
143 1639 271 1699 sperare
299 1622 422 1700 posset,
450 1619 657 1684 dimicantem
681 1623 766 1683 certe
790 1624 823 1684 et
846 1641 913 1684 non
935 1621 1075 1685 inultum

67 1725 136 1769 esse
154 1705 360 1768 moriturum:
383 1705 501 1789 quippe
520 1709 692 1788 antequam
712 1706 914 1790 adsurgeret,
935 1709 1075 1791 opprimi

66 1795 195 1875 poterat
214 1795 246 1854 et
265 1792 336 1874 capi
354 1792 454 1855 vivus.
491 1790 554 1856 Sed
575 1792 660 1856 forte
682 1794 729 1857 ita
750 1794 927 1859 libraverat
950 1809 1109 1879 corpus,3

66 1884 104 1944 ut
122 1900 155 1942 se
178 1879 313 1961 pedibus
332 1880 500 1963 exciperet.
538 1879 652 1963 Itaque
671 1884 761 1944 stans
784 1881 847 1945 init
868 1902 1011 1965 pugnam
1035 1886 1075 1966 et,

66 1988 106 2032 ne
126 1967 288 2031 circumiri
304 1972 428 2050 posset,
446 1967 579 2032 fortuna
596 1969 791 2050 providerat.
822 1967 960 2035 Vetusta
978 1971 1075 2034 arbor
1093 1983 1110 2030 4

66 2055 152 2119 haud
175 2055 286 2136 procul
308 2077 401 2120 muro
424 2077 533 2120 ramos
557 2057 662 2121 multa
690 2056 804 2122 fronde
828 2058 964 2123 vestitos
987 2060 1076 2124 velut

68 2142 106 2206 de
134 2143 293 2207 industria
314 2163 424 2226 regem
451 2147 658 2229 protegentes
681 2146 857 2210 obiecerat:
884 2145 980 2210 huius
1005 2169 1076 2230 spa-

66 2232 151 2294 tioso
185 2231 290 2314 stipiti
326 2251 441 2315 corpus
477 2233 529 2312 [ue
562 2232 723 2297 circumiri
754 2234 878 2316 posset]
912 2234 1076 2318 adplicuit,

67 2318 171 2401 clipeo
198 2319 277 2403 tela,
307 2340 388 2402 quae
412 2341 451 2384 ex
474 2321 606 2384 adverso
635 2321 877 2403 ingerebantur,
905 2322 1075 2403 excipiens.

65 2404 152 2471 Nam
184 2426 257 2471 eum
288 2429 388 2472 unum
419 2408 531 2491 procul
563 2411 614 2472 tot
645 2429 760 2472 manus
792 2412 950 2491 peterent,
982 2421 1109 2472 nemos

66 2497 177 2559 tamen
200 2495 339 2560 audebat
361 2497 495 2578 propius·
519 2496 679 2560 accedere:
702 2495 839 2559 missilia
861 2497 959 2560 ramis
982 2496 1076 2578 plura

67 2603 164 2664 quam
193 2584 295 2665 clipeo
322 2583 516 2646 incidebant.
556 2583 727 2665 Pugnabat
753 2603 813 2665 pro
836 2603 912 2665 rege
936 2583 1110 2666 primumo

67 2668 221 2731 celebrati
252 2670 393 2733 nominis
421 2668 522 2751 fama,
554 2669 667 2733 deinde
695 2669 891 2752 desperatio,
922 2691 1075 2754 magnum

67 2755 108 2819 ad
135 2756 271 2820 honeste
293 2756 493 2821 moriendum
519 2758 775 2822 incitamentum.
816 2754 877 2822 Sed
905 2779 977 2822 cum
1000 2759 1109 2822 sub-‘1
1153 2816 1157 2823 .

67 2843 142 2906 inde
164 2842 269 2908 hostis
294 2844 460 2926 adflueret,
488 2845 554 2908 iam
581 2845 744 2929 ingentem
770 2846 836 2911 vim
859 2847 999 2911 telorum
1023 2868 1075 2910 ex·

67 2935 197 3014 ceperat
230 2931 347 3014 clipeo,
381 2933 447 2995 iam
479 2934 606 3016 galeam
638 2955 714 2998 saxa
743 2933 978 3018 perfregerant,
1009 2935 1075 2999 iam

67 3021 218 3084 continuo
250 3021 362 3084 labore
394 3025 530 3105 gravata
561 3041 667 3104 genua
701 3022 909 3088 succiderant.
960 3022 1108 3105 ltaquee

67 3109 279 3191 contemptim
303 3111 337 3173 et
359 3109 487 3173 incaute
511 3110 566 3193 qui
592 3109 731 3193 proximi
755 3115 911 3175 steterant
935 3111 1075 3175 incurre-

66 3200 155 3260 runt:
178 3219 195 3260 e
218 3198 334 3280 quibus
358 3196 437 3261 duos
462 3197 569 3280 gladio
588 3198 636 3262 ita
654 3199 792 3281 excepit,
815 3202 852 3263 ut
871 3201 946 3263 ante
968 3198 1075 3280 ipsum

68 3285 231 3349 exanimes
249 3285 505 3368 procumberent.
545 3285 614 3351 Nec
637 3287 785 3370 cuiquam
808 3286 919 3350 deinde
941 3286 1074 3369 propius

67 3371 249 3436 incessendi
267 3394 339 3437 eum
362 3373 489 3439 animus
512 3373 586 3439 fuit:
610 3375 722 3458 procul
744 3375 852 3439 iacula
873 3375 1074 3458 sagittasque

14 3462 58 3527 20
68 3459 251 3524 mittebant.
293 3460 355 3526 llle
383 3462 423 3528 ad
451 3484 563 3529 omnes
590 3462 677 3530 ictus
706 3463 878 3549 expeditus
898 3482 977 3524 nnn
994 3468 1132 3533 aegrae

59 3551 166 3611 tamen
200 3552 372 3633 exceptum
406 3555 597 3640 poplitibus
632 3576 757 3640 corpus
792 3551 979 3622 tuebatur,
1014 3539 1127 3596 asses
