2422 3892
115 124 182 188 210
486 121 517 188 Q.
538 120 648 175 coum
666 121 751 176 RUFI

62 283 96 331 ss
117 268 202 334 deos.
244 267 323 343 Quis
346 265 455 332 credat
473 266 558 329 inter
580 265 661 330 haec
679 264 759 329 ritis
781 285 890 329 curem
908 285 982 330 esse
1004 266 1180 351 sapien-33

115 356 202 422 tiae?
246 354 355 421 Unum
387 357 513 438 agreste
546 357 579 418 et
610 352 777 418 horridum
809 374 910 437 genus
942 356 1009 438 est,
1046 355 1136 439 quod

63 459 97 508 32
116 445 278 529 sapientes
305 446 431 508 vocant.
480 441 578 524 Apud
600 440 660 506 hos
684 461 840 524 occupare
862 440 924 507 fati
946 440 1038 506 diem
1061 443 1136 528 pul·

117 534 228 599 chrum
257 536 289 597 et
311 531 402 595 vivos
427 551 462 594 se
486 528 621 593 cremari
643 529 767 611 iubent,
795 530 911 614 quibus
935 532 993 595 aut
1017 532 1135 615 segnis

117 624 206 687 aetas
230 623 287 685 aut
308 618 511 683 incommoda
532 617 677 682 valitudo
701 621 760 682 est.
801 616 1020 701 Expectatam
1046 641 1135 686 mor·

117 714 184 775 tem
210 730 269 792 pro
297 706 449 771 dedecore
475 705 560 770 vitae
588 704 712 770 hebent
736 725 795 770 nec
816 705 903 770 ullus
925 706 1137 792 corporibus,

118 818 200 881 quae
224 798 369 860 senectus
393 794 504 877 solvit,
525 793 629 858 honos
647 793 802 859 redditur:
826 793 988 877 inquinari
1006 800 1139 878 putant

64 902 99 950 33
118 885 237 969 ignem,
259 883 322 948 nisi
346 882 400 966 qui
424 883 584 965 spirantes
606 881 729 965 recipit
769 880 833 963 Illi,
856 882 911 966 qui
933 882 970 947 in
988 882 1138 950 urbibus

117 971 257 1056 publicis
280 971 423 1035 moribus
442 970 572 1055 degunt,
595 968 735 1034 siderum
753 973 861 1034 motus
880 971 959 1035 scite
978 975 1137 1054 spectare

118 1060 267 1125 dicuutur
289 1062 322 1124 et
343 1058 453 1123 futuru
476 1058 668 1142 praedicere.
711 1056 780 1123 Nec
804 1078 996 1142 quemquam
1019 1059 1136 1126 admo-

118 1170 192 1214 vere
213 1148 272 1213 leti
294 1147 380 1213 diem
403 1148 550 1231 credunt,
577 1146 629 1211 cui
657 1149 823 1229 expectare
846 1145 995 1211 interrito
1020 1146 1139 1217 liceat.

65 1257 100 1306 ³4
118 1237 204 1302 Deos
227 1239 356 1322 putant,
384 1234 539 1320 quidquid
561 1235 665 1299 colere
689 1237 876 1318 coeperunt,
904 1235 1040 1300 arbores
1066 1259 1137 1303 ma·

65 1346 100 1394 ss
118 1326 212 1408 xime,
230 1346 308 1408 quas
323 1323 444 1389 violare
462 1322 583 1406 capital
602 1327 658 1388 est.
695 1322 822 1387 Menses
839 1322 875 1386 in
892 1323 1008 1406 quinos
1028 1323 1138 1395 denos

64 1434 100 1484 sc
118 1414 350 1496 discripserunt
367 1411 444 1493 dies,
462 1411 538 1474 unni
557 1410 653 1494 plena
671 1411 779 1494 spatia
798 1414 977 1476 servantur.
1015 1410 1138 1480 Lunae

118 1522 213 1566 cursu
239 1502 354 1564 notant
376 1502 536 1582 tempora,
562 1519 642 1583 non,
667 1501 704 1562 ut
726 1499 885 1583 plerique,
912 1520 985 1564 cum
1013 1501 1138 1568 orbem

119 1589 207 1653 sidus
234 1586 384 1670 inplevit,
411 1585 466 1650 sed
494 1607 566 1650 cum
595 1608 628 1650 se
656 1608 789 1652 curvure
812 1587 916 1670 coepit
938 1586 973 1650 in
995 1607 1138 1676 cornua,

118 1681 152 1742 et
168 1675 287 1741 idcirco
301 1674 466 1739 breviores
484 1673 607 1739 habent
619 1696 755 1758 menses,
768 1675 845 1758 quia
858 1674 1000 1758 spatium
1014 1696 1139 1744 eorum

65 1787 99 1837 ss
119 1765 263 1831 adhunc
281 1764 378 1829 lunae
397 1762 527 1828 modum
549 1762 701 1847 dirigunt
737 1761 843 1828 Multa
860 1767 894 1827 et
910 1762 977 1828 alia
993 1765 1137 1832 tradun-

118 1856 184 1936 tur,
211 1853 328 1937 quibus
355 1851 477 1918 morari
500 1850 644 1916 ordinem
666 1872 775 1916 rerum
797 1850 885 1916 haud
906 1871 983 1916 sane
1006 1873 1138 1939 operae

118 1940 294 2006 videbatur.

550 2064 631 2144 One.
653 2079 693 2144 X.

85 2229 98 2275 1
206 2200 312 2284 Igitur
338 2199 524 2266 Alexandro
556 2201 631 2266 finis
658 2200 769 2266 Indiae
800 2201 946 2286 ingresso
979 2204 1182 2286 gentiumdl

119 2311 249 2354 suarum
271 2289 377 2375 reguli
399 2293 605 2354 occurrerunt
627 2291 786 2374 imperata
802 2289 929 2374 facturi,
950 2290 1047 2357 illum
1066 2296 1137 2361 ter·

118 2378 200 2442 tium
225 2377 302 2442 Iove
329 2377 474 2462 genitum
502 2377 544 2442 ad
569 2378 656 2462 ipsos
684 2378 867 2461 pervenisse
893 2384 1137 2451 memorantesz

118 2464 248 2530 Patrem
274 2465 426 2531 Liberum
453 2469 548 2550 atque
570 2465 743 2539 Herculem
765 2465 853 2530 fama
875 2467 1024 2551 cognitos
1050 2489 1137 2553 esse,

83 2579 99 2628 2
118 2554 224 2638 ipsum
247 2575 356 2619 coram
378 2553 492 2619 adesse
514 2554 672 2638 cernique.
716 2552 786 2618 Rex
813 2554 950 2640 benigne
973 2560 1135 2642 exceptos

119 2642 210 2726 sequi
232 2643 341 2726 iussit,
364 2643 466 2708 isdem
488 2642 640 2707 itinerum
659 2642 793 2707 ducibus
813 2664 938 2708 usurus.
974 2640 1136 2712 (letarum

119 2753 191 2796 cum
212 2731 349 2814 emplius
373 2751 466 2794 nemo
491 2734 678 2814 occurreret,
700 2729 974 2814 Hephaestionem
997 2734 1031 2795 et
1049 2731 1136 2798 Per-

118 2819 229 2883 diccan
256 2839 328 2882 cum
356 2818 523 2901 copiarum
550 2823 643 2902 purte
667 2818 833 2902 praemisit
856 2818 896 2883 ad
918 2817 1136 2908 subigendos,

117 2904 174 2989 qui
193 2908 417 2969 aversarentur
434 2905 617 2990 imperium,
636 2906 794 2990 iussitque
813 2906 853 2970 ad
872 2906 989 2971 flumen
1008 2906 1137 2977 Indum

117 2993 290 3078 procedere
318 2997 351 3057 et
377 2993 508 3076 navigia
533 2993 651 3078 fucere,
679 2995 750 3078 quis
777 2994 809 3058 in
838 2995 995 3059 ulteriora
1020 2998 1136 3065 trans·

83 3111 100 3159 3
118 3081 242 3166 portari
260 3084 373 3166 posset
389 3081 555 3148 exercitus.
595 3081 658 3165 llli,
676 3082 751 3166 quia
767 3083 863 3167 plura
881 3082 1014 3147 flumina
1031 3104 1135 3170 supe·

118 3170 219 3234 randa
246 3173 351 3253 erant,
384 3168 430 3234 sic
457 3168 587 3236 iunxere
600 3177 727 3252 'naves,
754 3174 792 3234 ut
819 3172 943 3236 solutae
969 3171 1135 3254 plaustris

83 3257 194 3322 evehi
225 3261 358 3341 possent
390 3279 563 3342 rursusque
594 3258 755 3343 coniungi.
810 3259 889 3323 Post
925 3279 959 3323 se
991 3255 1136 3329 Cratero

120 3365 193 3409 cum
216 3345 378 3429 phalange
401 3346 489 3411 iusso
517 3347 609 3431 sequi
636 3346 815 3430 equitatum
838 3368 875 3412 ac
897 3347 1001 3411 levem
1024 3367 1137 3417 uma·

119 3435 227 3496 turam
250 3432 360 3497 eduxit
382 3454 513 3518 eosque,
540 3435 595 3518 qui
618 3439 835 3519 occurrerent,
861 3434 926 3499 leri
947 3434 1075 3518 proelio
1097 3437 1140 3505 iu

110 3521 224 3587 urbem
240 3522 430 3609 proximam
449 3522 607 3611 conpulit.
632 3520 711 3587 lam
726 3518 1138 3604 superuenerstGrc-tem.
