2422 3892
424 783 472 882 Q.
499 781 690 866 OURTI
724 779 876 866 RUFI

523 934 775 991 HISTORIARUM

288 1098 727 1198 ALEXANDRI
767 1096 1014 1195 MAGNI

503 1287 794 1354 MACEDONIS

554 1443 663 1497 ursan
682 1443 740 1498 vn.

586 1585 663 1652 Car.
686 1587 711 1652 1.

112 1727 125 1774 1
234 1711 389 1777 Philotan
420 1710 504 1774 siout
534 1710 716 1775 recentibus
744 1710 876 1775 sceleris
908 1710 977 1775 eius
1003 1711 1155 1797 vestigiis
1170 1708 1205 1783 l'

146 1803 216 1870 iure
239 1801 399 1865 adfectum
423 1798 582 1882 supplicio
606 1803 797 1863 censuerant
818 1798 953 1883 milites,
980 1799 1040 1883 ita,
1064 1803 1154 1883 post·

147 1911 243 1973 quam
267 1887 406 1953 desierat
428 1908 510 1969 esse,
533 1907 627 1968 quem
651 1887 805 1970 odissent,
831 1885 951 1951 invidia
973 1885 1008 1951 in
1029 1889 1155 1952 miseri-

111 1976 289 2042 acordiam
311 1975 416 2039 vertit.
460 1973 606 2038 Moverat
634 1977 666 2038 et
693 1974 824 2038 claritas
847 1973 970 2039 iuvenis
994 1977 1027 2040 et
1047 1976 1153 2058 patris

112 2064 216 2128 seius
235 2064 384 2127 senectus
404 2064 501 2143 atque
524 2061 657 2126 orbitas.
697 2060 823 2127 Primus
845 2060 959 2127 Asiam
983 2068 1154 2146 aperuerat

147 2150 230 2235 regi:
254 2149 398 2215 omnium
420 2148 636 2232 periculorum
659 2149 727 2214 eius
749 2149 912 2233 particeps
931 2171 1059 2234 semper
1077 2153 1155 2216 alte-

146 2261 219 2304 rum
240 2239 276 2304 in
298 2238 366 2302 aoie
394 2258 492 2302 cornu
518 2235 718 2316 defenderat,
746 2237 896 2322 Philippo
925 2260 1052 2323 quoque
1078 2243 1153 2304 ante

148 2349 259 2393 omnes
287 2326 409 2391 amicus
437 2328 470 2390 et
496 2325 559 2409 ipsi
585 2325 769 2390 Alexandro
795 2329 864 2391 tam
891 2325 986 2410 fidus,
1014 2329 1051 2391 ut
1073 2327 1153 2392 occi-

112 2416 241 2480 4dendi
264 2415 412 2479 Attalum
434 2435 501 2479 non
528 2412 591 2478 alio
614 2413 763 2479 ministro
788 2413 836 2477 uti
859 2415 979 2480 mallet.
1028 2413 1155 2480 Horum

147 2504 304 2589 cogitatio
328 2503 458 2569 subibat
478 2502 653 2566 exercitum
672 2501 908 2586 seditiosaeque
925 2523 1020 2568 voees
1038 2502 1154 2568 refere-

147 2594 266 2657 bantur
284 2591 324 2656 ad
341 2611 460 2675 regem.
497 2588 575 2665 uris
593 2589 648 2654 ille
667 2589 754 2655 haud
777 2610 854 2654 sane
877 2593 986 2655 motus
1009 2591 1154 2675 satisque

148 2679 302 2762 prudens,
335 2679 393 2741 otii
420 2678 500 2743 vitia
524 2677 657 2761 negotio
687 2677 817 2763 discuti,
843 2677 952 2763 edicit,
978 2681 1016 2743 ut
1042 2700 1154 2744 omnes

115 2767 185 2829 sin
213 2765 371 2831 vestibulo
399 2767 507 2848 regiae
534 2768 663 2848 praesto
691 2766 766 2830 sint.
812 2765 899 2841 Quos
927 2766 984 2832 ubi
1006 2766 1154 2850 frequen·

93 2879 94 2883 ¹
148 2857 197 2918 tes
230 2852 342 2916 adesse
374 2853 539 2936 cognovit,
568 2853 603 2915 in
634 2853 815 2918 contionem
843 2855 1009 2938 processit
1058 2853 1154 2918 Haud

148 2939 244 3006 dubie
263 2962 301 3004 ex
320 2940 487 3023 conposito
506 2937 679 3005 Atharrias
697 2942 860 3025 postulare
878 2943 997 3028 coepit,
1018 2946 1056 3007 ut
1069 2941 1156 3025 Lyn·

149 3033 253 3094 costes
267 3027 456 3107 Alexander,
475 3028 530 3111 qui
547 3029 650 3093 multo
669 3033 744 3094 aute
763 3052 861 3114 quam
878 3029 1025 3097 Philotas
1043 3050 1155 3112 regem

114 3117 306 3182 evoluisset
333 3116 488 3194 occidere,
521 3115 731 3182 exhiberetur.
777 3117 807 3182 A
834 3117 958 3184 duobus
985 3118 1156 3201 indicibus,

150 3207 233 3269 sieut
251 3226 348 3288 supra
367 3205 513 3287 diximuS,
536 3204 661 3269 delatus
679 3204 810 3269 tertium
829 3205 896 3270 iam
915 3228 1034 3271 annum
1052 3210 1157 3272 custo·

150 3293 297 3357 diebatur
319 3292 354 3357 in
372 3294 518 3358 vinculis.
559 3290 706 3357 Eundem
724 3293 758 3357 in
776 3292 919 3377 Philippi
942 3316 1068 3379 quoque
1087 3317 1156 3360 cae·

150 3380 223 3444 dem
246 3381 428 3446 coniurasse
453 3402 525 3446 oum
547 3377 709 3444 Pausania
731 3403 789 3464 pro
818 3385 971 3465 conperto
998 3383 1074 3467 fuit,
1101 3383 1157 3448 sed

138 3468 217 3548 quia
234 3469 368 3551 prrinus
389 3468 614 3538 Alexandrum
632 3488 744 3556 regem
761 3469 972 3554 salutaverat,
996 3471 1157 3554 supplicio
