2422 3892
112 155 177 219 262
482 153 513 220 Q.
533 152 643 208 coam
660 152 747 207 RUFI

111 303 196 384 isque
222 306 251 365 et
273 301 425 382 petuma
452 318 529 379 quac
556 299 727 380 adduceret,
756 317 860 361 coram
887 297 1027 385 inspectis
1052 317 1125 377 pro-

111 391 197 469 tinus
220 409 312 453 ormo
333 388 518 468 conataque
544 388 712 451 sociaturos
737 405 805 450 esse.
856 384 942 449 Nom
964 385 1049 464 upsrd
1064 405 1125 466 po-

106 479 220 560 pulum
251 478 425 558 imperitam
452 475 644 540 structilem
670 493 728 556 per
753 472 889 538 laomim
914 472 1069 554 improbos
1096 479 1127 537 et

111 567 249 631 uacatio
270 565 389 630 caules
410 564 516 629 amaia
533 583 564 628 se
581 562 758 628 mrsuaibas
775 567 1003 626 cursecuturum
1020 562 1125 626 caiati-

546 806 626 874 Ose.
649 807 690 875 Π.

80 931 94 978 1
202 916 306 1000 Igitur
329 934 403 981 xxx
425 916 562 980 navibus
591 913 725 979 Sunium
748 917 975 980 transmittunt
996 951 1033 962 -
1053 917 1154 997 pro-l

114 1005 314 1069 montorium
337 1007 389 1070 est
414 999 544 1069 Atticae
570 1007 676 1068 terrae
701 1041 743 1050 —
765 1004 848 1068 unde
875 1008 1005 1087 portum
1032 1004 1124 1068 urbis

79 1097 222 1178 apetere
250 1093 467 1159 decreverant.
516 1091 577 1156 His
601 1092 740 1176 cognitis
767 1113 823 1156 rex
851 1090 996 1174 Harpalo
1024 1093 1125 1157 Athe·
1193 1163 1195 1166 y

113 1182 341 1265 niensibusque
364 1183 455 1245 iuxta
473 1181 610 1245 infestus
630 1181 764 1246 classem
788 1181 896 1264 parari
914 1181 1005 1244 iubet
1021 1179 1125 1245 Atha

79 1284 173 1335 anas
196 1269 344 1353 protinus
362 1270 534 1353 petiturus.
571 1267 664 1344 Quod
684 1269 853 1333 consilium
878 1269 961 1333 clam
985 1269 1125 1352 agitanti

113 1359 243 1423 litterae
265 1358 450 1439 redduntur,
473 1356 652 1439 Harpalum
670 1357 809 1422 intrasse
829 1357 957 1440 quidem
975 1357 1124 1422 Athenas

113 1468 150 1512 ac
168 1447 305 1531 pecunia
321 1444 508 1510 conciliasse
523 1443 586 1508 sibi
604 1444 785 1528 principum
800 1445 940 1529 animos,
957 1467 1032 1510 mox
1052 1467 1126 1510 con-

115 1535 188 1599 cilio
217 1533 323 1617 plebis
351 1533 465 1597 habito
493 1533 615 1596 iussum
641 1533 720 1597 urbe
745 1532 894 1598 excedere
918 1533 959 1598 ad
982 1533 1124 1599 Graecos

114 1622 235 1687 milites
267 1621 463 1706 pervenisse,
496 1620 614 1704 quibus
643 1620 857 1704 interceptum
884 1622 1081 1686 trucidatum
1106 1645 1126 1687 a

79 1723 96 1771 4
115 1710 255 1796 quodam
274 1708 437 1774 Thibrone
456 1731 513 1793 per
531 1709 674 1775 insidias.
707 1709 768 1775 His
787 1711 892 1775 laetus
911 1712 945 1774 in
958 1711 1125 1795 Europam

114 1799 283 1865 traiciendi
302 1798 472 1864 consilium
492 1799 615 1883 omisit,
638 1800 695 1864 sed
714 1800 820 1865 exules
839 1804 967 1883 praeter
986 1821 1050 1883 eos,
1070 1801 1126 1884 qui

114 1887 203 1953 civili
222 1888 378 1972 sanguine
398 1887 542 1970 adspersi
560 1893 662 1969 erant,
680 1888 780 1970 recipi
799 1889 839 1952 ab
859 1888 1008 1952 omnibus
1027 1887 1125 1953 Grae·

80 1988 227 2048 acorum
249 1975 450 2057 civitatibus,
474 1975 546 2058 quis
569 1977 655 2059 pulsi
679 1979 779 2059 erant,
800 1975 905 2041 iussit.
943 1975 988 2040 Et
1003 1975 1126 2065 ¹Graecr

114 2064 201 2128 haud
228 2063 299 2127 ausi
326 2063 499 2145 imperium
527 2065 708 2146 aspernari,
734 2085 928 2146 quamquam
957 2066 1125 2130 solvenda·

114 2173 187 2215 rum
213 2151 323 2236 legum
350 2149 385 2214 id
410 2150 607 2233 principium
630 2173 701 2216 esse
724 2152 910 2237 censebant,
941 2154 1026 2217 bona
1050 2175 1125 2237 quo-

80 2253 189 2324 sque,
218 2260 298 2323 quae
328 2241 487 2322 extarent,
514 2239 684 2304 restituere
713 2238 882 2305 damnatis.
929 2238 997 2306 Soli
1025 2240 1125 2306 Athe·

114 2328 242 2393 nienses
274 2349 341 2392 non
374 2328 423 2392 sui
455 2327 564 2411 modo,
602 2328 658 2392 sed
687 2326 787 2392 'etiam
819 2329 941 2411 publici
973 2330 1126 2414 vindices,

115 2418 329 2482 colluvionem
353 2416 501 2482 ordinum
519 2416 749 2497 hominumque
768 2437 864 2498 aegre
882 2416 1039 2499 ferebant,
1059 2440 1127 2482 non

114 2507 204 2591 regio
237 2505 387 2590 imperio,
422 2504 478 2570 sed
510 2503 638 2587 legibus
669 2503 877 2586 moribusque
908 2503 1022 2586 patriis
1055 2508 1125 2590 regi

81 2607 96 2654 ἰ
116 2595 251 2660 adsueti.
287 2592 484 2658 Prohibuere
503 2592 606 2674 igitur
623 2592 732 2656 exules
751 2591 870 2655 finibus
890 2592 997 2657 omnia
1015 2593 1125 2675 potius

115 2682 295 2764 toleraturi,
314 2702 411 2765 quam
429 2682 644 2763 purgamenta
663 2681 824 2764 quondam
838 2681 928 2745 urbis
944 2703 1029 2764 suae,
1047 2685 1127 2746 tunc

117 2773 215 2836 etiam
238 2768 339 2850 exilii,
363 2767 581 2832 admitterent.
833 2842 837 2848 ⁸

80 2871 96 2919 8
204 2854 387 2921 Alexander
410 2856 589 2921 senioribus
610 2857 752 2922 militurn
770 2859 805 2921 in
822 2858 962 2940 patriam
980 2857 1156 2922 remissis8

115 2962 181 3010 xm
204 2944 296 3008 milia
318 2944 460 3027 peditum
485 2948 517 3009 et
540 2963 567 3010 11
587 2945 679 3009 milia
702 2945 860 3029 equitum,
884 2946 1022 3030 quaein
1046 2946 1125 3010 Asia

115 3033 278 3116 retineret,
301 3032 380 3115 eligi
402 3033 498 3098 iussit
522 3034 721 3117 existimans,
745 3035 870 3099 modico
891 3035 1033 3100 exercitu
1052 3056 1125 3099 con-

116 3123 220 3187 tinere
257 3143 353 3207 posse
389 3123 516 3205 Asiam,
553 3123 628 3206 quia
662 3123 812 3206 pluribus
849 3123 930 3188 locis
966 3122 1127 3205 praesidia

116 3211 331 3295 disposuisset
352 3232 515 3295 nuperque
540 3210 691 3275 conditas-
707 3211 802 3275 urbes
827 3210 949 3274 colonis
969 3212 1128 3293 replesset

82 3310 175 3363 aneo
200 3321 250 3363 res
279 3322 398 3365 novare
426 3300 639 3384 cupientibus.
689 3297 839 3363 Ceterum
868 3298 1057 3382 priusquam
1072 3301 1127 3364 ‘se-

116 3391 269 3470 cerneret,
293 3410 372 3472 quos
393 3392 463 3454 erat
481 3391 674 3469 retenturus,
693 3385 800 3468 edixit,
819 3388 855 3449 ut
874 3407 985 3450 omnes
1005 3387 1127 3451 milites

117 3498 171 3541 aes
200 3476 341 3541 alienum
366 3477 602 3558 profiterentur.
648 3472 752 3548 Grave
774 3473 937 3557 plerisque
961 3496 1031 3539 esse
1054 3496 1127 3540 oon·

103 3567 243 3648 perorat
264 3567 309 3649 et,
336 3585 531 3651 quamquam
555 3565 699 3650 ipsorum
722 3562 801 3626 luxu
823 3566 1024 3628 contractum
1049 3567 1129 3645 erat,

175 3828 257 3851 Δ
