<?xml version="1.0" encoding="UTF-8"?>
<!DOCTYPE html PUBLIC "-//W3C//DTD XHTML 1.0 Transitional//EN"
    "http://www.w3.org/TR/xhtml1/DTD/xhtml1-transitional.dtd">
<html xmlns="http://www.w3.org/1999/xhtml" xml:lang="en" lang="en">
 <head>
  <title>
</title>
<meta http-equiv="Content-Type" content="text/html;charset=utf-8" />
  <meta name='ocr-system' content='tesseract 3.04.00' />
  <meta name='ocr-capabilities' content='ocr_page ocr_carea ocr_par ocr_line ocrx_word'/>
</head>
<body>
  <div class='ocr_page' id='page_1' title='image "./historiarumalex00rufugoog_0293.png"; bbox 0 0 2422 3892; ppageno 0'>
   <div class='ocr_carea' id='block_1_1' title="bbox 130 147 1113 218">
    <p class='ocr_par' dir='ltr' id='par_1_1' title="bbox 130 147 1113 218">
     <span class='ocr_line' id='line_1_1' title="bbox 130 147 1113 218; baseline -0.004 -12"><span class='ocrx_word' id='word_1_1' title='bbox 130 147 196 214; x_wconf 80' lang='grc'><strong>266</strong></span> <span class='ocrx_word' id='word_1_2' title='bbox 214 148 247 215; x_wconf 80' lang='lat' dir='ltr'><strong>Q.</strong></span> <span class='ocrx_word' id='word_1_3' title='bbox 258 147 368 205; x_wconf 76' lang='lat' dir='ltr'><strong>ooarl</strong></span> <span class='ocrx_word' id='word_1_4' title='bbox 377 148 462 205; x_wconf 78' lang='lat' dir='ltr'>RUFI</span> <span class='ocrx_word' id='word_1_5' title='bbox 471 147 726 204; x_wconf 78' lang='lat' dir='ltr'><strong>HISTORIARUM</strong></span> <span class='ocrx_word' id='word_1_6' title='bbox 735 148 951 205; x_wconf 75' lang='lat' dir='ltr'>ALEXANDRI</span> <span class='ocrx_word' id='word_1_7' title='bbox 960 147 1051 218; x_wconf 89' lang='lat' dir='ltr'><strong>VIIII,</strong></span> <span class='ocrx_word' id='word_1_8' title='bbox 1068 154 1113 203; x_wconf 84' lang='lat'><strong>10.</strong></span> 
     </span>
    </p>
   </div>
   <div class='ocr_carea' id='block_1_2' title="bbox 78 290 1149 3120">
    <p class='ocr_par' dir='ltr' id='par_1_2' title="bbox 78 290 1149 3120">
     <span class='ocr_line' id='line_1_2' title="bbox 79 290 1149 377; baseline 0.001 -21"><span class='ocrx_word' id='word_1_9' title='bbox 79 305 112 356; x_wconf 76' lang='lat'><strong>2³</strong></span> <span class='ocrx_word' id='word_1_10' title='bbox 131 293 209 359; x_wconf 86' lang='lat' dir='ltr'><strong>tuit:</strong></span> <span class='ocrx_word' id='word_1_11' title='bbox 236 315 327 359; x_wconf 90' lang='lat' dir='ltr'><strong>arma</strong></span> <span class='ocrx_word' id='word_1_12' title='bbox 354 313 480 377; x_wconf 89' lang='lat' dir='ltr'><strong>quoque</strong></span> <span class='ocrx_word' id='word_1_13' title='bbox 504 293 545 358; x_wconf 89' lang='lat' dir='ltr'><strong>ad</strong></span> <span class='ocrx_word' id='word_1_14' title='bbox 571 291 745 376; x_wconf 88' lang='lat' dir='ltr'><strong>pristinum</strong></span> <span class='ocrx_word' id='word_1_15' title='bbox 767 290 889 357; x_wconf 88' lang='lat' dir='ltr'><strong>refecta</strong></span> <span class='ocrx_word' id='word_1_16' title='bbox 912 295 988 357; x_wconf 91' lang='lat' dir='ltr'><strong>sunt</strong></span> <span class='ocrx_word' id='word_1_17' title='bbox 1011 293 1149 377; x_wconf 88' lang='lat' dir='ltr'><strong>cultum,</strong></span> 
     </span>
     <span class='ocr_line' id='line_1_3' title="bbox 133 381 1149 468; baseline 0.001 -22"><span class='ocrx_word' id='word_1_18' title='bbox 133 383 251 468; x_wconf 92' lang='lat' dir='ltr'><strong>quippe</strong></span> <span class='ocrx_word' id='word_1_19' title='bbox 269 381 356 446; x_wconf 90' lang='lat' dir='ltr'><strong>haud</strong></span> <span class='ocrx_word' id='word_1_20' title='bbox 374 381 487 464; x_wconf 92' lang='lat' dir='ltr'><strong>prooul</strong></span> <span class='ocrx_word' id='word_1_21' title='bbox 501 403 521 444; x_wconf 93' lang='lat' dir='ltr'><strong>a</strong></span> <span class='ocrx_word' id='word_1_22' title='bbox 533 381 663 446; x_wconf 80' lang='lat' dir='ltr'><strong>Perside</strong></span> <span class='ocrx_word' id='word_1_23' title='bbox 677 381 813 445; x_wconf 88' lang='lat' dir='ltr'><strong>aberant</strong></span> <span class='ocrx_word' id='word_1_24' title='bbox 825 401 892 444; x_wconf 90' lang='lat' dir='ltr'><strong>non</strong></span> <span class='ocrx_word' id='word_1_25' title='bbox 905 384 1024 464; x_wconf 88' lang='lat' dir='ltr'><strong>pacata</strong></span> <span class='ocrx_word' id='word_1_26' title='bbox 1039 381 1149 466; x_wconf 89' lang='lat' dir='ltr'><strong>modo,</strong></span> 
     </span>
     <span class='ocr_line' id='line_1_4' title="bbox 78 468 1149 555; baseline 0.003 -23"><span class='ocrx_word' id='word_1_27' title='bbox 78 484 113 532; x_wconf 75' lang='lat'><strong>24</strong></span> <span class='ocrx_word' id='word_1_28' title='bbox 133 470 188 536; x_wconf 92' lang='lat' dir='ltr'><strong>sed</strong></span> <span class='ocrx_word' id='word_1_29' title='bbox 207 475 303 535; x_wconf 87' lang='lat' dir='ltr'><strong>etiam</strong></span> <span class='ocrx_word' id='word_1_30' title='bbox 323 469 485 553; x_wconf 88' lang='lat' dir='ltr'><strong>opulenta.</strong></span> <span class='ocrx_word' id='word_1_31' title='bbox 519 469 634 555; x_wconf 81' lang='lat' dir='ltr'><strong>igitur,</strong></span> <span class='ocrx_word' id='word_1_32' title='bbox 651 471 690 534; x_wconf 90' lang='lat' dir='ltr'><strong>ut</strong></span> <span class='ocrx_word' id='word_1_33' title='bbox 707 490 806 552; x_wconf 91' lang='lat' dir='ltr'><strong>supra</strong></span> <span class='ocrx_word' id='word_1_34' title='bbox 824 468 1019 553; x_wconf 88' lang='lat' dir='ltr'><strong>dictumest,</strong></span> <span class='ocrx_word' id='word_1_35' title='bbox 1039 491 1149 535; x_wconf 91' lang='lat' dir='ltr'><strong>aemu-</strong></span> 
     </span>
     <span class='ocr_line' id='line_1_5' title="bbox 131 556 1148 642; baseline 0 -19"><span class='ocrx_word' id='word_1_36' title='bbox 131 559 217 624; x_wconf 89' lang='lat' dir='ltr'><strong>latus</strong></span> <span class='ocrx_word' id='word_1_37' title='bbox 241 558 348 623; x_wconf 91' lang='lat' dir='ltr'><strong>Patris</strong></span> <span class='ocrx_word' id='word_1_38' title='bbox 370 556 481 622; x_wconf 83' lang='lat' dir='ltr'>Liberi</span> <span class='ocrx_word' id='word_1_39' title='bbox 501 580 568 623; x_wconf 92' lang='lat' dir='ltr'><strong>non</strong></span> <span class='ocrx_word' id='word_1_40' title='bbox 590 558 729 642; x_wconf 79' lang='lat' dir='ltr'><strong>gloriam</strong></span> <span class='ocrx_word' id='word_1_41' title='bbox 752 557 870 640; x_wconf 91' lang='lat' dir='ltr'><strong>solum,</strong></span> <span class='ocrx_word' id='word_1_42' title='bbox 893 579 991 642; x_wconf 89' lang='lat' dir='ltr'><strong>quam</strong></span> <span class='ocrx_word' id='word_1_43' title='bbox 1015 578 1055 623; x_wconf 84' lang='lat' dir='ltr'><strong>ex</strong></span> <span class='ocrx_word' id='word_1_44' title='bbox 1080 557 1148 623; x_wconf 91' lang='lat' dir='ltr'><strong>illis</strong></span> 
     </span>
     <span class='ocr_line' id='line_1_6' title="bbox 132 644 1148 732; baseline -0.002 -20"><span class='ocrx_word' id='word_1_45' title='bbox 132 648 283 732; x_wconf 89' lang='lat' dir='ltr'><strong>gentibus</strong></span> <span class='ocrx_word' id='word_1_46' title='bbox 316 646 554 730; x_wconf 90' lang='lat' dir='ltr'><strong>deportaverat,</strong></span> <span class='ocrx_word' id='word_1_47' title='bbox 586 646 642 711; x_wconf 90' lang='lat' dir='ltr'><strong>sed</strong></span> <span class='ocrx_word' id='word_1_48' title='bbox 674 645 772 710; x_wconf 88' lang='lat' dir='ltr'><strong>etiam</strong></span> <span class='ocrx_word' id='word_1_49' title='bbox 802 644 938 729; x_wconf 87' lang='lat' dir='ltr'><strong>famam,</strong></span> <span class='ocrx_word' id='word_1_50' title='bbox 971 645 1040 711; x_wconf 91' lang='lat' dir='ltr'><strong>sive</strong></span> <span class='ocrx_word' id='word_1_51' title='bbox 1063 645 1148 711; x_wconf 89' lang='lat' dir='ltr'><strong>illud</strong></span> 
     </span>
     <span class='ocr_line' id='line_1_7' title="bbox 132 733 1147 820; baseline -0.001 -21"><span class='ocrx_word' id='word_1_52' title='bbox 132 735 316 820; x_wconf 90' lang='lat' dir='ltr'><strong>triumphus</strong></span> <span class='ocrx_word' id='word_1_53' title='bbox 336 734 400 798; x_wconf 91' lang='lat' dir='ltr'><strong>fuit</strong></span> <span class='ocrx_word' id='word_1_54' title='bbox 418 735 460 799; x_wconf 90' lang='lat' dir='ltr'><strong>ab</strong></span> <span class='ocrx_word' id='word_1_55' title='bbox 478 757 517 801; x_wconf 93' lang='lat' dir='ltr'><strong>eo</strong></span> <span class='ocrx_word' id='word_1_56' title='bbox 536 734 677 819; x_wconf 89' lang='lat' dir='ltr'><strong>primum</strong></span> <span class='ocrx_word' id='word_1_57' title='bbox 694 734 879 818; x_wconf 88' lang='lat' dir='ltr'><strong>institutus,</strong></span> <span class='ocrx_word' id='word_1_58' title='bbox 902 733 970 798; x_wconf 91' lang='lat' dir='ltr'><strong>sive</strong></span> <span class='ocrx_word' id='word_1_59' title='bbox 988 733 1147 799; x_wconf 90' lang='lat' dir='ltr'><strong>bacchan-</strong></span> 
     </span>
     <span class='ocr_line' id='line_1_8' title="bbox 131 821 1148 906; baseline -0.002 -17"><span class='ocrx_word' id='word_1_60' title='bbox 131 825 214 889; x_wconf 90' lang='lat' dir='ltr'><strong>tium</strong></span> <span class='ocrx_word' id='word_1_61' title='bbox 244 824 348 905; x_wconf 91' lang='lat' dir='ltr'><strong>lusus,</strong></span> <span class='ocrx_word' id='word_1_62' title='bbox 379 824 496 889; x_wconf 85' lang='lat' dir='ltr'><strong>statuit</strong></span> <span class='ocrx_word' id='word_1_63' title='bbox 526 823 664 906; x_wconf 90' lang='lat' dir='ltr'><strong>imitari,</strong></span> <span class='ocrx_word' id='word_1_64' title='bbox 698 821 805 888; x_wconf 89' lang='lat' dir='ltr'><strong>animo</strong></span> <span class='ocrx_word' id='word_1_65' title='bbox 841 841 936 905; x_wconf 88' lang='lat' dir='ltr'><strong>super</strong></span> <span class='ocrx_word' id='word_1_66' title='bbox 967 822 1148 888; x_wconf 89' lang='lat' dir='ltr'><strong>humanum</strong></span> 
     </span>
     <span class='ocr_line' id='line_1_9' title="bbox 79 909 1147 997; baseline 0.002 -23"><span class='ocrx_word' id='word_1_67' title='bbox 79 926 114 975; x_wconf 76' lang='lat' dir='ltr'><strong>aa</strong></span> <span class='ocrx_word' id='word_1_68' title='bbox 133 911 300 997; x_wconf 77' lang='lat' dir='ltr'><strong>fastigium</strong></span> <span class='ocrx_word' id='word_1_69' title='bbox 328 910 424 976; x_wconf 88' lang='lat' dir='ltr'><strong>elato.</strong></span> <span class='ocrx_word' id='word_1_70' title='bbox 468 911 580 995; x_wconf 86' lang='lat' dir='ltr'><strong>Vicos,</strong></span> <span class='ocrx_word' id='word_1_71' title='bbox 610 932 669 995; x_wconf 88' lang='lat' dir='ltr'><strong>per</strong></span> <span class='ocrx_word' id='word_1_72' title='bbox 696 931 777 994; x_wconf 94' lang='lat' dir='ltr'><strong>quos</strong></span> <span class='ocrx_word' id='word_1_73' title='bbox 808 909 980 995; x_wconf 83' lang='lat' dir='ltr'><strong>iteraret,</strong></span> <span class='ocrx_word' id='word_1_74' title='bbox 1011 911 1147 976; x_wconf 87' lang='lat' dir='ltr'><strong>floribus</strong></span> 
     </span>
     <span class='ocr_line' id='line_1_10' title="bbox 133 998 1147 1086; baseline 0 -21"><span class='ocrx_word' id='word_1_75' title='bbox 133 1001 324 1086; x_wconf 84' lang='lat' dir='ltr'><strong>coronisque</strong></span> <span class='ocrx_word' id='word_1_76' title='bbox 361 1000 464 1065; x_wconf 91' lang='lat' dir='ltr'><strong>sterni</strong></span> <span class='ocrx_word' id='word_1_77' title='bbox 498 1001 602 1084; x_wconf 89' lang='lat' dir='ltr'><strong>iubet,</strong></span> <span class='ocrx_word' id='word_1_78' title='bbox 637 998 805 1064; x_wconf 88' lang='lat' dir='ltr'><strong>liminibus</strong></span> <span class='ocrx_word' id='word_1_79' title='bbox 842 998 970 1063; x_wconf 91' lang='lat' dir='ltr'><strong>aedium</strong></span> <span class='ocrx_word' id='word_1_80' title='bbox 1002 1002 1147 1065; x_wconf 86' lang='lat' dir='ltr'><strong>crateras</strong></span> 
     </span>
     <span class='ocr_line' id='line_1_11' title="bbox 132 1086 1149 1173; baseline 0 -20"><span class='ocrx_word' id='word_1_81' title='bbox 132 1089 208 1154; x_wconf 89' lang='lat' dir='ltr'><strong>vino</strong></span> <span class='ocrx_word' id='word_1_82' title='bbox 240 1090 382 1173; x_wconf 89' lang='lat' dir='ltr'><strong>repletas</strong></span> <span class='ocrx_word' id='word_1_83' title='bbox 410 1093 443 1155; x_wconf 87' lang='lat' dir='ltr'><strong>et</strong></span> <span class='ocrx_word' id='word_1_84' title='bbox 470 1089 535 1154; x_wconf 85' lang='lat' dir='ltr'><strong>alia</strong></span> <span class='ocrx_word' id='word_1_85' title='bbox 562 1086 698 1153; x_wconf 86' lang='lat' dir='ltr'><strong>eximiae</strong></span> <span class='ocrx_word' id='word_1_86' title='bbox 725 1086 959 1171; x_wconf 78' lang='lat' dir='ltr'><strong>magnitudinis</strong></span> <span class='ocrx_word' id='word_1_87' title='bbox 981 1108 1062 1153; x_wconf 89' lang='lat' dir='ltr'><strong>vasa</strong></span> <span class='ocrx_word' id='word_1_88' title='bbox 1085 1088 1149 1153; x_wconf 89' lang='lat' dir='ltr'><strong>dis·</strong></span> 
     </span>
     <span class='ocr_line' id='line_1_12' title="bbox 132 1175 1148 1263; baseline -0.002 -20"><span class='ocrx_word' id='word_1_89' title='bbox 132 1178 225 1263; x_wconf 93' lang='lat' dir='ltr'><strong>poni,</strong></span> <span class='ocrx_word' id='word_1_90' title='bbox 247 1177 397 1243; x_wconf 88' lang='lat' dir='ltr'><strong>vehicula</strong></span> <span class='ocrx_word' id='word_1_91' title='bbox 419 1177 532 1242; x_wconf 89' lang='lat' dir='ltr'><strong>deinde</strong></span> <span class='ocrx_word' id='word_1_92' title='bbox 555 1178 731 1260; x_wconf 85' lang='lat' dir='ltr'><strong>constrata,</strong></span> <span class='ocrx_word' id='word_1_93' title='bbox 758 1179 796 1240; x_wconf 91' lang='lat' dir='ltr'><strong>ut</strong></span> <span class='ocrx_word' id='word_1_94' title='bbox 817 1176 927 1259; x_wconf 91' lang='lat' dir='ltr'><strong>plures</strong></span> <span class='ocrx_word' id='word_1_95' title='bbox 950 1196 1065 1259; x_wconf 89' lang='lat' dir='ltr'><strong>capere</strong></span> <span class='ocrx_word' id='word_1_96' title='bbox 1089 1175 1148 1241; x_wconf 92' lang='lat' dir='ltr'><strong>mi-</strong></span> 
     </span>
     <span class='ocr_line' id='line_1_13' title="bbox 133 1264 1149 1351; baseline -0.002 -20"><span class='ocrx_word' id='word_1_97' title='bbox 133 1267 209 1331; x_wconf 81' lang='lat' dir='ltr'><strong>lites</strong></span> <span class='ocrx_word' id='word_1_98' title='bbox 238 1270 383 1351; x_wconf 87' lang='lat' dir='ltr'><strong>possent,</strong></span> <span class='ocrx_word' id='word_1_99' title='bbox 410 1267 444 1331; x_wconf 90' lang='lat' dir='ltr'><strong>in</strong></span> <span class='ocrx_word' id='word_1_100' title='bbox 470 1265 752 1331; x_wconf 80' lang='lat' dir='ltr'><strong>tabernaculorum</strong></span> <span class='ocrx_word' id='word_1_101' title='bbox 775 1264 906 1329; x_wconf 92' lang='lat' dir='ltr'><strong>modum</strong></span> <span class='ocrx_word' id='word_1_102' title='bbox 929 1265 1052 1349; x_wconf 86' lang='lat' dir='ltr'><strong>ornari,</strong></span> <span class='ocrx_word' id='word_1_103' title='bbox 1082 1265 1149 1330; x_wconf 91' lang='lat' dir='ltr'><strong>alia</strong></span> 
     </span>
     <span class='ocr_line' id='line_1_14' title="bbox 81 1351 1148 1438; baseline 0.001 -22"><span class='ocrx_word' id='word_1_104' title='bbox 81 1367 116 1416; x_wconf 77' lang='lat' dir='ltr'><strong>ao</strong></span> <span class='ocrx_word' id='word_1_105' title='bbox 135 1356 277 1421; x_wconf 88' lang='lat' dir='ltr'><strong>candidis</strong></span> <span class='ocrx_word' id='word_1_106' title='bbox 300 1355 396 1438; x_wconf 89' lang='lat' dir='ltr'><strong>velis,</strong></span> <span class='ocrx_word' id='word_1_107' title='bbox 419 1355 485 1420; x_wconf 90' lang='lat' dir='ltr'><strong>alia</strong></span> <span class='ocrx_word' id='word_1_108' title='bbox 507 1357 596 1419; x_wconf 89' lang='lat' dir='ltr'><strong>veste</strong></span> <span class='ocrx_word' id='word_1_109' title='bbox 617 1354 767 1436; x_wconf 86' lang='lat' dir='ltr'><strong>pretiosa</strong></span> <span class='ocrx_word' id='word_1_110' title='bbox 811 1351 912 1417; x_wconf 86' lang='lat' dir='ltr'><strong>Primi</strong></span> <span class='ocrx_word' id='word_1_111' title='bbox 933 1353 1027 1418; x_wconf 89' lang='lat' dir='ltr'><strong>ibant</strong></span> <span class='ocrx_word' id='word_1_112' title='bbox 1050 1353 1148 1418; x_wconf 89' lang='lat' dir='ltr'><strong>amici</strong></span> 
     </span>
     <span class='ocr_line' id='line_1_15' title="bbox 135 1440 1145 1527; baseline -0.003 -18"><span class='ocrx_word' id='word_1_113' title='bbox 135 1448 169 1508; x_wconf 91' lang='lat' dir='ltr'><strong>et</strong></span> <span class='ocrx_word' id='word_1_114' title='bbox 190 1444 306 1509; x_wconf 86' lang='lat' dir='ltr'><strong>cohors</strong></span> <span class='ocrx_word' id='word_1_115' title='bbox 328 1443 419 1526; x_wconf 90' lang='lat' dir='ltr'><strong>regia</strong></span> <span class='ocrx_word' id='word_1_116' title='bbox 440 1442 538 1507; x_wconf 89' lang='lat' dir='ltr'><strong>variis</strong></span> <span class='ocrx_word' id='word_1_117' title='bbox 563 1441 713 1506; x_wconf 91' lang='lat' dir='ltr'><strong>redimita</strong></span> <span class='ocrx_word' id='word_1_118' title='bbox 734 1440 868 1505; x_wconf 90' lang='lat' dir='ltr'><strong>floribus</strong></span> <span class='ocrx_word' id='word_1_119' title='bbox 891 1441 1085 1527; x_wconf 89' lang='lat' dir='ltr'><strong>coronisque</strong></span> <span class='ocrx_word' id='word_1_120' title='bbox 1106 1478 1145 1488; x_wconf 92' lang='lat'><em>-</em></span> 
     </span>
     <span class='ocr_line' id='line_1_16' title="bbox 135 1529 1144 1613; baseline 0 -18"><span class='ocrx_word' id='word_1_121' title='bbox 135 1531 216 1595; x_wconf 89' lang='lat' dir='ltr'><strong>alibi</strong></span> <span class='ocrx_word' id='word_1_122' title='bbox 237 1530 405 1594; x_wconf 91' lang='lat' dir='ltr'><strong>tibicinum</strong></span> <span class='ocrx_word' id='word_1_123' title='bbox 428 1534 550 1613; x_wconf 90' lang='lat' dir='ltr'><strong>cantus,</strong></span> <span class='ocrx_word' id='word_1_124' title='bbox 573 1529 652 1593; x_wconf 89' lang='lat' dir='ltr'><strong>alibi</strong></span> <span class='ocrx_word' id='word_1_125' title='bbox 669 1529 759 1612; x_wconf 84' lang='lat' dir='ltr'><strong>lyrae</strong></span> <span class='ocrx_word' id='word_1_126' title='bbox 778 1550 876 1594; x_wconf 89' lang='lat' dir='ltr'><strong>sonus</strong></span> <span class='ocrx_word' id='word_1_127' title='bbox 895 1529 1088 1595; x_wconf 84' lang='lat' dir='ltr'><strong>audiebatur</strong></span> <span class='ocrx_word' id='word_1_128' title='bbox 1106 1567 1144 1577; x_wconf 92' lang='lat'>—</span> 
     </span>
     <span class='ocr_line' id='line_1_17' title="bbox 134 1616 1147 1702; baseline 0.001 -19"><span class='ocrx_word' id='word_1_129' title='bbox 134 1619 213 1684; x_wconf 90' lang='lat' dir='ltr'><strong>item</strong></span> <span class='ocrx_word' id='word_1_130' title='bbox 241 1617 397 1683; x_wconf 90' lang='lat' dir='ltr'><strong>vehiculis</strong></span> <span class='ocrx_word' id='word_1_131' title='bbox 425 1640 485 1702; x_wconf 89' lang='lat' dir='ltr'><strong>pro</strong></span> <span class='ocrx_word' id='word_1_132' title='bbox 509 1618 603 1702; x_wconf 89' lang='lat' dir='ltr'><strong>copia</strong></span> <span class='ocrx_word' id='word_1_133' title='bbox 624 1616 776 1702; x_wconf 90' lang='lat' dir='ltr'><strong>cuiusque</strong></span> <span class='ocrx_word' id='word_1_134' title='bbox 805 1618 971 1683; x_wconf 87' lang='lat' dir='ltr'><strong>adornatis</strong></span> <span class='ocrx_word' id='word_1_135' title='bbox 994 1618 1147 1685; x_wconf 91' lang='lat' dir='ltr'><strong>comissa·</strong></span> 
     </span>
     <span class='ocr_line' id='line_1_18' title="bbox 133 1705 1148 1793; baseline 0.001 -21"><span class='ocrx_word' id='word_1_136' title='bbox 133 1706 264 1773; x_wconf 92' lang='lat' dir='ltr'><strong>bundus</strong></span> <span class='ocrx_word' id='word_1_137' title='bbox 290 1705 461 1792; x_wconf 85' lang='lat' dir='ltr'><strong>exercitus,</strong></span> <span class='ocrx_word' id='word_1_138' title='bbox 488 1706 600 1793; x_wconf 88' lang='lat' dir='ltr'><strong>armis,</strong></span> <span class='ocrx_word' id='word_1_139' title='bbox 627 1728 709 1790; x_wconf 89' lang='lat' dir='ltr'><strong>quae</strong></span> <span class='ocrx_word' id='word_1_140' title='bbox 735 1707 875 1771; x_wconf 86' lang='lat' dir='ltr'><strong>maxime</strong></span> <span class='ocrx_word' id='word_1_141' title='bbox 903 1707 1019 1773; x_wconf 89' lang='lat' dir='ltr'><strong>decora</strong></span> <span class='ocrx_word' id='word_1_142' title='bbox 1044 1713 1148 1790; x_wconf 89' lang='lat' dir='ltr'><strong>erant,</strong></span> 
     </span>
     <span class='ocr_line' id='line_1_19' title="bbox 135 1795 1149 1882; baseline -0.001 -20"><span class='ocrx_word' id='word_1_143' title='bbox 135 1796 478 1882; x_wconf 86' lang='lat' dir='ltr'><strong>circumpendentibus.</strong></span> <span class='ocrx_word' id='word_1_144' title='bbox 508 1795 621 1880; x_wconf 90' lang='lat' dir='ltr'><strong>Ipsum</strong></span> <span class='ocrx_word' id='word_1_145' title='bbox 641 1796 856 1880; x_wconf 86' lang='lat' dir='ltr'><strong>convivasque</strong></span> <span class='ocrx_word' id='word_1_146' title='bbox 875 1815 986 1860; x_wconf 90' lang='lat' dir='ltr'><strong>currus</strong></span> <span class='ocrx_word' id='word_1_147' title='bbox 1004 1796 1149 1861; x_wconf 78' lang='lat' dir='ltr'><strong>vehebat</strong></span> 
     </span>
     <span class='ocr_line' id='line_1_20' title="bbox 135 1883 1147 1969; baseline 0 -19"><span class='ocrx_word' id='word_1_148' title='bbox 135 1886 269 1950; x_wconf 88' lang='lat' dir='ltr'><strong>crateris</strong></span> <span class='ocrx_word' id='word_1_149' title='bbox 293 1885 399 1950; x_wconf 88' lang='lat' dir='ltr'><strong>aureis</strong></span> <span class='ocrx_word' id='word_1_150' title='bbox 419 1883 624 1967; x_wconf 90' lang='lat' dir='ltr'><strong>eiusdemque</strong></span> <span class='ocrx_word' id='word_1_151' title='bbox 641 1884 797 1948; x_wconf 92' lang='lat' dir='ltr'><strong>materiae</strong></span> <span class='ocrx_word' id='word_1_152' title='bbox 815 1884 1002 1969; x_wconf 82' lang='lat' dir='ltr'><strong>ingentibus</strong></span> <span class='ocrx_word' id='word_1_153' title='bbox 1019 1884 1147 1968; x_wconf 91' lang='lat' dir='ltr'><strong>poculis</strong></span> 
     </span>
     <span class='ocr_line' id='line_1_21' title="bbox 81 1970 1144 2058; baseline 0.006 -25"><span class='ocrx_word' id='word_1_154' title='bbox 81 1985 115 2034; x_wconf 75' lang='lat' dir='ltr'><strong>av</strong></span> <span class='ocrx_word' id='word_1_155' title='bbox 135 1973 331 2058; x_wconf 89' lang='lat' dir='ltr'><strong>praegravis.</strong></span> <span class='ocrx_word' id='word_1_156' title='bbox 379 1970 452 2038; x_wconf 89' lang='lat' dir='ltr'><strong>Hoc</strong></span> <span class='ocrx_word' id='word_1_157' title='bbox 482 1972 578 2037; x_wconf 92' lang='lat' dir='ltr'><strong>modo</strong></span> <span class='ocrx_word' id='word_1_158' title='bbox 609 1992 668 2054; x_wconf 90' lang='lat' dir='ltr'><strong>per</strong></span> <span class='ocrx_word' id='word_1_159' title='bbox 700 1972 766 2036; x_wconf 86' lang='lat' dir='ltr'><strong>dies</strong></span> <span class='ocrx_word' id='word_1_160' title='bbox 797 1989 848 2036; x_wconf 86' lang='lat' dir='ltr'><strong>vn</strong></span> <span class='ocrx_word' id='word_1_161' title='bbox 877 1971 1144 2039; x_wconf 88' lang='lat' dir='ltr'><strong>bacchabundum</strong></span> 
     </span>
     <span class='ocr_line' id='line_1_22' title="bbox 136 2058 1144 2146; baseline 0.003 -22"><span class='ocrx_word' id='word_1_162' title='bbox 136 2081 253 2146; x_wconf 89' lang='lat' dir='ltr'><strong>agmen</strong></span> <span class='ocrx_word' id='word_1_163' title='bbox 280 2059 425 2142; x_wconf 86' lang='lat' dir='ltr'><strong>incessit,</strong></span> <span class='ocrx_word' id='word_1_164' title='bbox 452 2063 569 2142; x_wconf 89' lang='lat' dir='ltr'><strong>parata</strong></span> <span class='ocrx_word' id='word_1_165' title='bbox 595 2058 729 2143; x_wconf 87' lang='lat' dir='ltr'><strong>praeda,</strong></span> <span class='ocrx_word' id='word_1_166' title='bbox 758 2060 786 2125; x_wconf 88' lang='lat' dir='ltr'><strong>si</strong></span> <span class='ocrx_word' id='word_1_167' title='bbox 811 2059 886 2143; x_wconf 93' lang='lat' dir='ltr'><strong>quid</strong></span> <span class='ocrx_word' id='word_1_168' title='bbox 909 2060 1004 2125; x_wconf 89' lang='lat' dir='ltr'><strong>victis</strong></span> <span class='ocrx_word' id='word_1_169' title='bbox 1028 2061 1144 2127; x_wconf 88' lang='lat' dir='ltr'><strong>saltem</strong></span> 
     </span>
     <span class='ocr_line' id='line_1_23' title="bbox 136 2145 1146 2236; baseline 0.004 -24"><span class='ocrx_word' id='word_1_170' title='bbox 136 2147 288 2212; x_wconf 88' lang='lat' dir='ltr'><strong>adversus</strong></span> <span class='ocrx_word' id='word_1_171' title='bbox 329 2147 538 2211; x_wconf 86' lang='lat' dir='ltr'><strong>comissantes</strong></span> <span class='ocrx_word' id='word_1_172' title='bbox 573 2145 673 2211; x_wconf 91' lang='lat' dir='ltr'><strong>animi</strong></span> <span class='ocrx_word' id='word_1_173' title='bbox 707 2147 838 2212; x_wconf 88' lang='lat' dir='ltr'><strong>fuisset:</strong></span> <span class='ocrx_word' id='word_1_174' title='bbox 879 2148 969 2214; x_wconf 90' lang='lat' dir='ltr'><strong>mille</strong></span> <span class='ocrx_word' id='word_1_175' title='bbox 1005 2149 1146 2236; x_wconf 64' lang='lat' dir='ltr'><strong>hercule,¹</strong></span> 
     </span>
     <span class='ocr_line' id='line_1_24' title="bbox 135 2235 1146 2322; baseline 0.002 -21"><span class='ocrx_word' id='word_1_176' title='bbox 135 2235 198 2301; x_wconf 92' lang='lat' dir='ltr'><strong>viri</strong></span> <span class='ocrx_word' id='word_1_177' title='bbox 220 2235 315 2301; x_wconf 93' lang='lat' dir='ltr'><strong>modo</strong></span> <span class='ocrx_word' id='word_1_178' title='bbox 339 2238 374 2300; x_wconf 92' lang='lat' dir='ltr'><strong>et</strong></span> <span class='ocrx_word' id='word_1_179' title='bbox 395 2235 509 2320; x_wconf 85' lang='lat' dir='ltr'><strong>sobrii,</strong></span> <span class='ocrx_word' id='word_1_180' title='bbox 530 2253 582 2299; x_wconf 85' lang='lat' dir='ltr'><strong>vn</strong></span> <span class='ocrx_word' id='word_1_181' title='bbox 605 2235 727 2300; x_wconf 90' lang='lat' dir='ltr'><strong>dierum</strong></span> <span class='ocrx_word' id='word_1_182' title='bbox 746 2236 879 2320; x_wconf 88' lang='lat' dir='ltr'><strong>crapula</strong></span> <span class='ocrx_word' id='word_1_183' title='bbox 897 2256 1013 2322; x_wconf 84' lang='lat' dir='ltr'><strong>graves</strong></span> <span class='ocrx_word' id='word_1_184' title='bbox 1030 2237 1067 2302; x_wconf 92' lang='lat' dir='ltr'><strong>in</strong></span> <span class='ocrx_word' id='word_1_185' title='bbox 1086 2260 1146 2304; x_wconf 91' lang='lat' dir='ltr'><strong>suo</strong></span> 
     </span>
     <span class='ocr_line' id='line_1_25' title="bbox 82 2322 1146 2410; baseline 0.005 -22"><span class='ocrx_word' id='word_1_186' title='bbox 82 2339 117 2389; x_wconf 80' lang='lat'><strong>28</strong></span> <span class='ocrx_word' id='word_1_187' title='bbox 136 2324 301 2409; x_wconf 90' lang='lat' dir='ltr'><strong>triumpho</strong></span> <span class='ocrx_word' id='word_1_188' title='bbox 325 2345 438 2409; x_wconf 89' lang='lat' dir='ltr'><strong>capere</strong></span> <span class='ocrx_word' id='word_1_189' title='bbox 459 2327 643 2408; x_wconf 86' lang='lat' dir='ltr'><strong>potuerunt</strong></span> <span class='ocrx_word' id='word_1_190' title='bbox 688 2322 751 2390; x_wconf 81' lang='lat' dir='ltr'><strong>Sed</strong></span> <span class='ocrx_word' id='word_1_191' title='bbox 772 2325 917 2410; x_wconf 86' lang='lat' dir='ltr'><strong>fortuna,</strong></span> <span class='ocrx_word' id='word_1_192' title='bbox 945 2347 1027 2410; x_wconf 90' lang='lat' dir='ltr'><strong>quae</strong></span> <span class='ocrx_word' id='word_1_193' title='bbox 1048 2327 1146 2393; x_wconf 89' lang='lat' dir='ltr'><strong>rebus</strong></span> 
     </span>
     <span class='ocr_line' id='line_1_26' title="bbox 135 2413 1147 2499; baseline 0.002 -20"><span class='ocrx_word' id='word_1_194' title='bbox 135 2415 257 2480; x_wconf 89' lang='lat' dir='ltr'><strong>famam</strong></span> <span class='ocrx_word' id='word_1_195' title='bbox 275 2415 477 2499; x_wconf 86' lang='lat' dir='ltr'><strong>pretiumque</strong></span> <span class='ocrx_word' id='word_1_196' title='bbox 495 2413 676 2496; x_wconf 90' lang='lat' dir='ltr'><strong>constituit,</strong></span> <span class='ocrx_word' id='word_1_197' title='bbox 694 2413 756 2477; x_wconf 88' lang='lat' dir='ltr'><strong>hoc</strong></span> <span class='ocrx_word' id='word_1_198' title='bbox 774 2434 901 2497; x_wconf 91' lang='lat' dir='ltr'><strong>quoque</strong></span> <span class='ocrx_word' id='word_1_199' title='bbox 919 2414 1058 2480; x_wconf 90' lang='lat' dir='ltr'><strong>militiae</strong></span> <span class='ocrx_word' id='word_1_200' title='bbox 1074 2437 1147 2498; x_wconf 79' lang='lat' dir='ltr'><strong>pro</strong></span> 
     </span>
     <span class='ocr_line' id='line_1_27' title="bbox 135 2501 1146 2588; baseline 0.001 -20"><span class='ocrx_word' id='word_1_201' title='bbox 135 2504 230 2569; x_wconf 88' lang='lat' dir='ltr'><strong>brum</strong></span> <span class='ocrx_word' id='word_1_202' title='bbox 253 2503 353 2569; x_wconf 91' lang='lat' dir='ltr'><strong>vertit</strong></span> <span class='ocrx_word' id='word_1_203' title='bbox 374 2503 410 2568; x_wconf 91' lang='lat' dir='ltr'><strong>in</strong></span> <span class='ocrx_word' id='word_1_204' title='bbox 430 2502 577 2588; x_wconf 90' lang='lat' dir='ltr'><strong>gloriam.</strong></span> <span class='ocrx_word' id='word_1_205' title='bbox 612 2501 658 2566; x_wconf 83' lang='lat' dir='ltr'><strong>Et</strong></span> <span class='ocrx_word' id='word_1_206' title='bbox 674 2521 827 2585; x_wconf 89' lang='lat' dir='ltr'><strong>praesens</strong></span> <span class='ocrx_word' id='word_1_207' title='bbox 846 2504 935 2566; x_wconf 89' lang='lat' dir='ltr'><strong>aetas</strong></span> <span class='ocrx_word' id='word_1_208' title='bbox 959 2506 992 2567; x_wconf 93' lang='lat' dir='ltr'><strong>et</strong></span> <span class='ocrx_word' id='word_1_209' title='bbox 1009 2505 1146 2587; x_wconf 85' lang='lat' dir='ltr'><strong>posteri·</strong></span> 
     </span>
     <span class='ocr_line' id='line_1_28' title="bbox 135 2590 1145 2677; baseline 0.001 -21"><span class='ocrx_word' id='word_1_210' title='bbox 135 2596 187 2659; x_wconf 91' lang='lat' dir='ltr'><strong>tas</strong></span> <span class='ocrx_word' id='word_1_211' title='bbox 207 2591 320 2658; x_wconf 91' lang='lat' dir='ltr'><strong>deinde</strong></span> <span class='ocrx_word' id='word_1_212' title='bbox 340 2592 458 2657; x_wconf 70' lang='lat' dir='ltr'><strong>mnata</strong></span> <span class='ocrx_word' id='word_1_213' title='bbox 476 2596 534 2675; x_wconf 89' lang='lat' dir='ltr'><strong>est,</strong></span> <span class='ocrx_word' id='word_1_214' title='bbox 551 2612 609 2676; x_wconf 89' lang='lat' dir='ltr'><strong>per</strong></span> <span class='ocrx_word' id='word_1_215' title='bbox 628 2592 740 2677; x_wconf 89' lang='lat' dir='ltr'><strong>gentes</strong></span> <span class='ocrx_word' id='word_1_216' title='bbox 753 2590 896 2655; x_wconf 89' lang='lat' dir='ltr'><strong>nondum</strong></span> <span class='ocrx_word' id='word_1_217' title='bbox 911 2592 990 2656; x_wconf 92' lang='lat' dir='ltr'><strong>satis</strong></span> <span class='ocrx_word' id='word_1_218' title='bbox 1005 2591 1145 2658; x_wconf 89' lang='lat' dir='ltr'><strong>domitas</strong></span> 
     </span>
     <span class='ocr_line' id='line_1_29' title="bbox 135 2678 1146 2766; baseline 0 -21"><span class='ocrx_word' id='word_1_219' title='bbox 135 2681 306 2747; x_wconf 90' lang='lat' dir='ltr'><strong>incessisse</strong></span> <span class='ocrx_word' id='word_1_220' title='bbox 332 2681 541 2764; x_wconf 90' lang='lat' dir='ltr'><strong>temulentos,</strong></span> <span class='ocrx_word' id='word_1_221' title='bbox 568 2679 730 2762; x_wconf 89' lang='lat' dir='ltr'><strong>barbaris,</strong></span> <span class='ocrx_word' id='word_1_222' title='bbox 760 2678 845 2765; x_wconf 88' lang='lat' dir='ltr'><strong>quod</strong></span> <span class='ocrx_word' id='word_1_223' title='bbox 871 2680 1038 2744; x_wconf 89' lang='lat' dir='ltr'><strong>temeritas</strong></span> <span class='ocrx_word' id='word_1_224' title='bbox 1067 2685 1146 2766; x_wconf 89' lang='lat' dir='ltr'><strong>erat,</strong></span> 
     </span>
     <span class='ocr_line' id='line_1_30' title="bbox 84 2766 1146 2853; baseline 0.005 -24"><span class='ocrx_word' id='word_1_225' title='bbox 84 2781 118 2830; x_wconf 78' lang='lat' dir='ltr'><strong>ae</strong></span> <span class='ocrx_word' id='word_1_226' title='bbox 136 2769 286 2834; x_wconf 89' lang='lat' dir='ltr'><strong>fiduciam</strong></span> <span class='ocrx_word' id='word_1_227' title='bbox 314 2791 384 2835; x_wconf 88' lang='lat' dir='ltr'><strong>esse</strong></span> <span class='ocrx_word' id='word_1_228' title='bbox 412 2768 625 2834; x_wconf 90' lang='lat' dir='ltr'><strong>credentibus.</strong></span> <span class='ocrx_word' id='word_1_229' title='bbox 669 2766 764 2833; x_wconf 87' lang='lat' dir='ltr'><strong>Hunc</strong></span> <span class='ocrx_word' id='word_1_230' title='bbox 787 2773 979 2853; x_wconf 89' lang='lat' dir='ltr'><strong>apparatum</strong></span> <span class='ocrx_word' id='word_1_231' title='bbox 1003 2770 1146 2834; x_wconf 82' lang='lat' dir='ltr'><strong>carnifex</strong></span> 
     </span>
     <span class='ocr_line' id='line_1_31' title="bbox 84 2855 1146 3029; baseline 0.008 -26"><span class='ocrx_word' id='word_1_232' title='bbox 84 2957 118 3004; x_wconf 74' lang='lat' dir='ltr'><strong>a</strong></span> <span class='ocrx_word' id='word_1_233' title='bbox 138 2856 351 3029; x_wconf 58' lang='lat' dir='ltr'><strong>tttllti,</strong></span> <span class='ocrx_word' id='word_1_234' title='bbox 376 2859 670 3010; x_wconf 51' lang='lat' dir='ltr'><strong>destitit}</strong></span> <span class='ocrx_word' id='word_1_235' title='bbox 699 2855 879 3010; x_wconf 58' lang='lat' dir='ltr'><strong>ttttt’.</strong></span> <span class='ocrx_word' id='word_1_236' title='bbox 903 2856 1146 3011; x_wconf 60' lang='lat' dir='ltr'><strong>liaqllali</strong></span> 
     </span>
     <span class='ocr_line' id='line_1_32' title="bbox 137 3032 1087 3120; baseline 0.003 -23"><span class='ocrx_word' id='word_1_237' title='bbox 137 3033 311 3120; x_wconf 86' lang='lat' dir='ltr'><strong>quicquam</strong></span> <span class='ocrx_word' id='word_1_238' title='bbox 331 3032 506 3099; x_wconf 88' lang='lat' dir='ltr'><strong>crudelitas</strong></span> <span class='ocrx_word' id='word_1_239' title='bbox 528 3054 588 3098; x_wconf 89' lang='lat' dir='ltr'><strong>nec</strong></span> <span class='ocrx_word' id='word_1_240' title='bbox 610 3033 795 3098; x_wconf 86' lang='lat' dir='ltr'><strong>crudelitati</strong></span> <span class='ocrx_word' id='word_1_241' title='bbox 816 3033 944 3099; x_wconf 84' lang='lat' dir='ltr'><strong>luxuria</strong></span> <span class='ocrx_word' id='word_1_242' title='bbox 966 3034 1087 3100; x_wconf 90' lang='lat' dir='ltr'><strong>obstat.</strong></span> 
     </span>
    </p>
   </div>
   <div class='ocr_carea' id='block_1_3' title="bbox 0 0 1216 3892">
    <p class='ocr_par' dir='ltr' id='par_1_3' title="bbox 0 0 1216 3892">
     <span class='ocr_line' id='line_1_33' title="bbox 0 0 1216 3892; baseline 0 1"><span class='ocrx_word' id='word_1_243' title='bbox 0 0 1216 3892; x_wconf 95' lang='lat' dir='ltr'><strong> </strong></span> 
     </span>
    </p>
   </div>
  </div>
 </body>
</html>
