2422 3892
125 144 168 208 oc
194 97 197 103 ⁵
497 145 528 211 o.
548 145 763 202 1111111111

125 289 367 375 sequendusque
403 293 488 355 esset
522 311 579 373 per
614 291 685 355 loca
716 291 804 355 omni
837 289 1007 353 solitudine
1040 293 1142 374 atque

75 397 107 446 14
124 378 233 461 inopia
254 382 356 443 vasta
400 377 505 463 Igitur
527 381 640 462 quarto
664 379 714 443 die
736 380 863 462 praeter
878 375 1066 441 Armeniam
1083 399 1140 461 pe·

124 470 232 531 netrat
263 465 303 530 ad
335 465 456 551 Tigrin.
506 465 589 530 Tota
620 467 710 551 regio
741 467 826 530 ultra
858 486 985 529 amnem
1015 467 1140 543 recenti

124 554 270 618 fumabat
287 554 447 618 incendio:
466 555 583 638 quippe
597 553 755 638 Mazaeus,
774 574 990 638 quaecumque
1005 553 1140 639 adierat,

73 660 107 709 11
124 642 210 706 haud
242 636 332 707 secus
363 663 459 727 quam
486 642 589 707 hostis
617 643 739 707 urebat.
783 640 832 705 Ae
859 641 962 724 primo
990 641 1140 726 caligine,

125 752 222 815 quam
253 731 373 813 fumus
391 729 560 808 effuderat,
592 731 783 795 obscurante
811 730 915 793 lucem
946 729 1140 794 insidiarum

125 821 213 882 metu
240 818 397 882 substitit:
430 817 542 883 deinde
569 821 606 882 ut
632 819 847 901 speculatores
875 817 1042 900 praemissi
1065 820 1141 882 tuta

85 900 87 905 ’
126 905 235 970 omnia
260 906 503 989 nuntiaverunt,
532 927 652 989 paucos
679 906 821 991 equitum
849 904 890 969 ad
912 905 1140 989 temptandum
1184 968 1187 974 ⁴

124 988 241 1056 vadum
261 992 402 1058 fluminis
420 995 600 1078 praemisit:
625 994 713 1059 cuius
733 993 868 1058 altitudo
886 993 990 1076 primo
1011 1014 1141 1058 summa

125 1100 278 1165 equorum
300 1087 445 1166 pectora,
469 1104 557 1166 mox,
578 1082 673 1162 utin
695 1082 833 1145 medium
857 1082 982 1145 alveum
1003 1084 1140 1146 ventum
1163 1084 1169 1093 '

74 1189 106 1238 11
126 1172 188 1252 est,
225 1171 363 1235 cervices
395 1191 520 1256 quoque
551 1169 716 1254 aequabat.
770 1167 839 1234 Nec
871 1190 948 1233 sane
981 1168 1064 1233 alius
1096 1169 1140 1233 ad

125 1256 265 1323 Orientis
300 1259 431 1344 plagam
461 1263 529 1322 tam
560 1259 721 1323 violentus
751 1257 926 1340 invehitur,
960 1254 1140 1321 multorum

124 1348 315 1410 torrentium
341 1368 408 1410 non
436 1368 534 1430 aquas
563 1348 680 1429 solum,
713 1346 768 1409 sed
796 1345 894 1409 etiam
922 1366 1000 1408 saxa
1027 1364 1139 1409 secum

124 1434 265 1498 trahens.
300 1434 419 1517 ¹Itaque
442 1455 462 1497 a
485 1434 654 1516 celeritate,
678 1455 741 1517 qua
764 1432 882 1515 defluit,
905 1431 995 1516 Tigri
1017 1453 1140 1497 nomen

125 1523 175 1583 est
199 1520 352 1602 inditum,
384 1521 459 1604 quia
480 1519 610 1584 Persica
635 1521 749 1604 lingua
774 1521 875 1605 tigrin
903 1520 1056 1604 sagittam
1082 1542 1140 1604 ap·

76 1626 106 1676 17
124 1608 255 1691 pellant.
300 1607 405 1692 Igitur
426 1607 532 1691 pedes>
545 1609 633 1672 velut
655 1609 776 1672 divisus
798 1611 833 1672 in
855 1628 974 1673 cornua
1002 1609 1138 1673 circum·
1150 1610 1191 1676 38

126 1694 201 1760 dato
225 1695 383 1781 equitatu,
412 1696 526 1760 levatis
551 1717 646 1780 super
667 1697 775 1780 capita
797 1696 909 1780 armis,
929 1694 1018 1760 haud
1040 1717 1140 1780 aegre

75 1803 107 1852 18
126 1785 167 1848 ad
196 1784 302 1869 ipsum
329 1786 454 1849 alveum
480 1787 636 1868 penetrat.
680 1783 806 1848 Primus
828 1785 913 1848 inter
934 1782 1057 1867 pedites
1080 1804 1142 1849 rex

126 1893 272 1957 egressus
295 1873 330 1936 in
352 1873 456 1957 ripam
477 1873 594 1937 vadum
617 1872 773 1936 militibus
796 1893 903 1955 manu,
927 1871 1054 1955 quando
1076 1893 1143 1937 vox

126 1961 267 2024 exaudiri
297 1982 364 2024 non
389 1963 530 2043 poterat,
562 1960 719 2024 ostendit
755 1957 817 2024 Sed
847 1959 983 2043 madum
1009 1959 1143 2025 firmare

125 2047 184 2110 vix·
200 2050 365 2131 poterant,
397 2070 470 2112 cum
492 2047 587 2112 modo
611 2069 687 2111 saxa
709 2048 832 2112 lubrica
853 2047 1025 2132 vestigium
1046 2047 1141 2112 falle-

75 2153 107 2201 19
125 2137 205 2218 rent,
228 2134 324 2198 modo
347 2135 487 2218 rapidior
508 2134 595 2199 unda
618 2134 816 2200 subduceret.
849 2133 1043 2218 Praecipuus
1069 2139 1144 2201 erat

125 2223 218 2286 labor
249 2242 373 2306 eorum,
409 2224 463 2307 qui
493 2221 635 2287 humeris
667 2244 765 2288 onera
795 2222 982 2307 portabant:
1018 2223 1143 2307 quippe

126 2332 199 2375 cum
227 2311 415 2393 semetipsos
442 2332 552 2396 regere
578 2332 645 2376 non
672 2315 817 2412 possent,
844 2311 879 2375 in
906 2310 1035 2394 rapidos
1063 2331 1142 2395 gur·

126 2399 208 2484 gites
243 2399 446 2464 incommodo
486 2421 580 2464 onere
613 2399 851 2483 auferebantur,
888 2402 933 2482 et,
969 2398 1045 2462 dum
1079 2421 1143 2466 sua

126 2488 260 2571 quisque
281 2488 385 2571 spolia
403 2488 555 2572 consequi
574 2487 688 2570 studet,
710 2488 813 2550 maior
829 2487 914 2551 inter
932 2487 1020 2570 ipsos
1039 2507 1143 2574 quarn

126 2597 198 2640 cum
235 2576 322 2640 amni
359 2579 430 2641 orta
461 2576 593 2640 luctatio
626 2578 691 2659 est,
727 2575 908 2659 cumulique
940 2574 1143 2640 sarcinarum

73 2681 108 2729 1ο
125 2665 247 2746 passim
269 2665 433 2729 fluitantes
456 2666 625 2748 plerosque
652 2663 861 2747 perculerant.
905 2660 975 2726 Rex
998 2683 1141 2746 monere,

124 2755 162 2814 ut
184 2753 263 2815 satis
285 2752 442 2817 haberent
464 2774 554 2816 arma
575 2751 720 2833 retinere,
746 2753 852 2814 cetera
874 2772 907 2814 se
930 2749 1142 2816 redditurum.

126 2835 188 2902 Sed
216 2859 319 2921 neque
349 2840 519 2905 consilium
546 2861 649 2923 neque
676 2838 844 2921 imperium
873 2837 974 2921 accipi
995 2840 1141 2921 poterat:

126 2926 333 3008 obstrepebat
354 2927 430 2990 hinc
453 2931 570 3009 metus,
597 2930 725 3010 praeter
745 2927 832 2990 hunc
854 2926 991 2990 invicem
1012 2924 1140 2990 luctan-

73 3032 106 3079 11
125 3014 206 3077 tium
224 3016 356 3077 mutuus
375 3015 502 3078 clamor.
534 3013 677 3078 Tandem
695 3035 759 3098 qua
775 3014 896 3078 leniore
909 3016 1016 3078 tractu
1029 3013 1138 3079 amnis

125 3101 229 3184 aperit
250 3101 381 3183 vadum,
405 3121 573 3185 emersere,
595 3122 654 3165 nee
677 3102 846 3185 quicquam
869 3106 997 3186 praeter
1018 3122 1141 3185 paucas

74 3208 106 3255 11
126 3189 269 3253 sarcina‘s
296 3188 512 3253 desideratum
539 3192 596 3253 est.
642 3188 749 3253 Deleri
777 3190 885 3274 potuit
911 3189 1083 3271 exercitus,
1110 3191 1142 3254 si

125 3277 197 3360 quis
225 3277 352 3341 vincere
379 3299 476 3341 ausus
504 3281 601 3360 esset,
634 3277 689 3341 sed
716 3281 871 3362 perpetua
897 3277 1029 3342 fortuna
1050 3277 1139 3362 regis

125 3365 242 3429 avertit
258 3365 332 3429 inde
350 3366 486 3431 hostem.
524 3362 576 3429 Sic
591 3364 764 3430 Granicum
783 3370 834 3430 tot
848 3365 978 3429 milibus
992 3364 1139 3449 equitum

123 3453 329 3538 peditumque
356 3455 391 3518 in
418 3455 569 3520 ulteriore
597 3454 757 3519 stantibus
784 3455 856 3537 ripa
883 3453 1059 3537 superavit,
1091 3452 1140 3518 sic

114 3543 268 3624 angustis
311 3542 347 3609 in
388 3539 519 3610 Ciliciae
565 3543 702 3608 callibus
736 3545 863 3606 tantam
897 3540 1159 3605 multitudinem
