2422 3892
284 171 538 228 HISTORIARUM
556 172 772 227 ALEXANDRI
789 172 837 240 VI,
858 178 898 227 10.
1031 172 1093 236 143

86 319 220 401 stirpem
246 317 368 382 tacitus
397 317 621 402 adgnosceret,
649 339 746 399 quam
774 317 828 400 qui
856 317 1095 400 praedicatione

84 407 229 471 iactaret.
266 402 328 469 Sed
352 407 504 489 quoniam
523 404 645 469 oraculi
665 404 745 469 fides
763 407 850 469 certa
870 408 932 483 est,
955 405 1000 469 sit
1018 404 1095 468 deus
1114 425 1148 472 33

86 516 199 559 causae
218 516 308 558 meae
326 494 429 558 testis.
467 492 616 557 Retinete
635 514 686 556 me
704 494 739 556 in
757 493 908 575 vinculis,
927 492 1003 556 dum
1022 514 1096 558 con-

87 583 203 646 sulitur
235 581 412 665 Hammon,
444 603 520 645 num
553 603 706 645 arcanum
734 585 767 645 et
799 581 961 646 occultum
993 582 1096 645 scelus

85 670 226 734 inierim:
254 671 309 753 qui
336 691 446 755 regem
473 672 619 734 nostrum
647 669 872 753 dignatusest
897 670 1015 751 filium,
1043 691 1096 733 ne-

86 760 207 823 minem
235 780 360 842 eorum,
391 758 445 842 qui
473 757 568 840 stirpi
597 779 673 821 suae
700 757 846 823 insidiati
874 761 963 840 sunt,
994 758 1096 822 latere

85 847 236 930 patietur.
282 845 317 911 Si
344 847 483 912 certiora
506 845 645 910 oraculis
668 844 798 909 creditis
827 868 897 910 esse
924 849 1149 929 tormentata

85 957 126 999 33
154 936 238 999 hanc
266 935 395 1019 quidem
420 933 618 998 exhibendae
640 933 786 997 veritatis
809 934 905 998 fidem
935 934 1097 1019 deprecor.

37 1023 76 1086 40
86 1020 200 1087 Solent
212 1022 261 1086 rei
275 1021 390 1105 eapitis
405 1021 557 1086 adhibere
571 1021 663 1085 vobis
678 1026 839 1104 parentes.
868 1021 960 1088 Duos
978 1023 1096 1086 fratres
1116 1039 1150 1088 30

87 1131 147 1195 ego
174 1130 277 1192 nuper
305 1109 412 1192 amisi,
444 1113 570 1191 patrem
597 1130 655 1173 nec
682 1110 850 1173 ostendere
880 1131 1012 1192 possum
1039 1132 1098 1174 nec

85 1199 236 1262 invocare
263 1197 378 1278 audeo,
406 1218 479 1261 cum
507 1201 539 1260 et
565 1196 635 1280 ipse
662 1198 746 1261 tanti
774 1198 916 1261 criminis
945 1219 1017 1261 reus
1045 1199 1098 1261 sit.

86 1284 206 1349 Parum
225 1288 275 1349 est
293 1285 378 1348 enim
401 1286 453 1348 tot
473 1283 569 1349 modo
589 1286 726 1348 liberum
744 1288 927 1368 parentem,
949 1285 985 1349 in
1003 1285 1098 1350 unico
1117 1302 1150 1350 31

86 1394 169 1438 nano
187 1373 252 1437 filio
272 1372 542 1456 adquiescentem,
560 1394 598 1437 eo
618 1394 745 1456 quoque
761 1372 879 1455 orbari,
896 1373 961 1437 nisi
978 1373 1047 1456 ipse
1066 1374 1099 1437 in

85 1482 203 1546 rogum
234 1482 341 1525 meum
373 1461 549 1543 inponitur.
598 1459 702 1545 Ergo,
734 1461 898 1525 carissime
927 1465 1033 1544 pater,
1066 1465 1100 1526 et
1117 1477 1151 1526 ³2

87 1554 219 1634 propter
237 1571 288 1613 me
307 1550 453 1614 morieris
473 1551 506 1618 et
524 1570 657 1612 mecum.
693 1547 767 1633 Ego
786 1549 848 1613 tibi
862 1549 964 1613 vitam
984 1549 1100 1628 adimo,

88 1659 148 1721 ego
177 1641 374 1702 senectutem
402 1640 493 1701 tuam
520 1637 686 1720 extinguo!
733 1636 815 1712 Quid
839 1638 924 1701 enim
952 1659 1004 1701 me
1027 1659 1099 1721 pro-

90 1726 222 1789 creabas
244 1725 408 1788 infelicem
427 1724 673 1788 adversantibus
697 1723 768 1789 dis?
792 1747 833 1788 an
851 1729 889 1789 ut
910 1724 971 1789 hos
991 1747 1030 1789 ex
1048 1747 1099 1788 me

87 1814 212 1877 fructus
245 1813 439 1895 perciperes,
477 1812 533 1895 qui
567 1815 599 1874 te
632 1811 785 1875 manent?
831 1810 961 1894 Nescio,
994 1813 1099 1877 adulc-
1119 1830 1151 1878 33

90 1902 212 1965 scentia
235 1922 307 1964 mea
324 1899 472 1964 miserior
496 1899 540 1964 sit
558 1920 600 1963 an
623 1902 770 1963 senectus
793 1902 863 1963 tua:
888 1920 947 1984 ego
971 1900 1005 1964 in
1028 1901 1099 1984 ipso

88 1990 203 2053 robore
231 1989 349 2052 aetatis
373 1988 505 2071 eripior:
534 1987 596 2052 tibi
624 1986 768 2052 carnifex
796 1988 946 2071 spiritum
969 1989 1100 2071 adimet,

90 2099 198 2162 quem,
221 2077 250 2141 si
268 2075 399 2142 fortuna
418 2078 585 2158 expectare
604 2076 774 2159 voluisset,
796 2080 914 2141 natura
936 2077 1100 2160 poscebat.

71 2163 269 2252 ,Admonuit
305 2185 357 2228 me
388 2165 491 2247 patris
524 2162 588 2227 mei
619 2165 754 2247 mentio,
786 2186 883 2247 quam
918 2165 1031 2229 timide
1068 2168 1101 2228 et
1118 2182 1153 2229 34

90 2256 291 2336 cunctanter,
319 2273 400 2335 quae
424 2249 597 2316 Cebalinus
624 2253 785 2317 detulerat
808 2254 848 2316 ad
871 2274 937 2336 me,
959 2252 1100 2317 indicare

90 2340 265 2406 debuerim.
304 2338 476 2405 Parmenio
500 2341 598 2423 enim,
622 2362 694 2405 cum
718 2340 874 2424 audisset,
899 2361 1101 2404 venenuma

89 2429 241 2513 Philippo
276 2428 399 2494 medico
435 2429 506 2513 regi
538 2428 658 2511 parari,
695 2428 856 2492 deterrere
889 2448 962 2490 eum
998 2426 1102 2491 voluit

90 2519 228 2602 epistola
261 2518 394 2601 scripta,
431 2537 493 2599 quo
526 2517 633 2579 minus
665 2516 935 2579 medicamentum
966 2514 1101 2596 biberet,

90 2607 175 2688 quod
200 2607 342 2670 medicus
370 2605 446 2668 dare
475 2604 694 2667 constituerat.
740 2600 828 2667 Num
860 2602 1018 2666 creditum
1050 2606 1101 2666 est

89 2693 178 2774 patri
200 2693 294 2757 meo?
327 2713 405 2755 num
429 2692 528 2755 ullam
552 2691 778 2755 auctoritatem
802 2689 871 2753 eius
894 2689 1020 2753 litterae
1043 2689 1099 2753 ha-

90 2779 250 2844 buerunt?
291 2778 364 2862 Ego
387 2780 469 2863 ipse,
494 2778 657 2862 quotiens,
679 2799 760 2861 quae
784 2776 962 2861 audieram,
990 2777 1100 2856 detuli,
1118 2793 1152 2842 33

91 2888 163 2933 033
192 2866 331 2931 ludibrio
359 2866 560 2931 credulitatis
588 2866 736 2949 repulsus
766 2887 845 2930 sum.
890 2862 926 2930 Si
953 2869 998 2944 et,
1026 2887 1099 2930 cum

90 2956 282 3039 indicamus,
314 2954 410 3019 invisi
440 2959 485 3032 et,
517 2975 590 3018 cum
616 2957 774 3038 tacemus,
807 2954 947 3037 suspecti
980 2975 1100 3037 sumus,

91 3045 168 3128 quid
197 3043 302 3109 facere
333 3065 392 3108 nos
421 3041 586 3126 oportet‘?'
636 3040 780 3127 Cumque
807 3064 889 3106 unus
923 3064 940 3106 e
968 3042 1100 3107 circum·
1118 3059 1152 3108 30

91 3133 248 3197 stantium
278 3131 376 3196 turba
404 3132 627 3214 exclamasset,
654 3129 753 3194 ‘Bene
780 3130 903 3194 meritis
930 3152 997 3195 non
1024 3130 1100 3194 insi-

92 3219 200 3285 diaril'
245 3218 408 3304 Philotas,
436 3217 572 3301 ‘Recte',
599 3219 717 3303 inquit,
744 3217 901 3302 ‘quisquis
929 3239 978 3301 es,
1011 3217 1100 3282 dicis.

90 3308 204 3391 ltaque
236 3308 264 3373 si
295 3307 465 3373 insidiatus
497 3329 584 3390 sum,
615 3328 753 3390 poenam
784 3328 850 3371 303
882 3305 1035 3389 deprecor
1067 3309 1100 3370 et
1117 3323 1150 3371 33

90 3397 191 3477 finem,
205 3396 290 3460 facio
310 3396 449 3480 dicendi,
470 3397 622 3480 quoniam
640 3395 756 3459 ultima
774 3395 873 3459 verba
891 3395 1004 3478 grana
1024 3396 1100 3458 sunt

89 3485 159 3549 visa
191 3482 344 3549 auribus’.
393 3483 574 3550 Abducitur
604 3483 717 3549 deinde
749 3484 790 3548 ab
822 3482 876 3568 iis,
909 3485 963 3566 qui
993 3485 1099 3548 custo·

90 3573 221 3638 diebant
243 3594 324 3638 eum.
502 3574 505 3581 ⁴
