2422 3892
237 100 491 198 1111111111111
508 142 795 211 111111111111,
814 149 909 199 1-11.
975 218 978 226 ⁴
1041 142 1081 207 19

69 291 133 370 rat,
160 291 209 371 ut,
238 292 394 371 quantum
421 291 544 371 posset,
572 307 689 372 agmen
719 287 759 352 ad
782 309 869 351 mare
893 287 1082 373 extenderet,

69 398 133 460 quo
156 338 286 460 lerigius
308 377 435 440 abesset
453 377 537 440 acies
555 376 728 458 montibus,
751 397 831 461 quos
849 339 1083 459 occupaverant

70 464 208 529 barbari.
239 463 285 528 At
307 464 355 528 illi
376 486 480 548 neque
502 463 576 528 obst
562 467 630 527 tare
648 463 852 528 venientibus
870 485 930 528 nec
949 465 1080 528 circum-
1101 486 1132 534 11

70 553 118 615 irc
153 556 407 637 praetergressos
444 553 514 616 ausi
547 551 748 616 funditorum
773 553 917 616 maxime
950 557 1081 635 aspectu

71 639 175 703 territi
195 641 408 726 profugerant
426 661 526 724 eaque
544 661 596 705 res
609 639 792 704 Alexandro
815 643 921 703 tutum
944 640 1081 726 agminis

60 728 168 810 latus,
196 728 293 812 quod,
325 751 366 792 ne
391 749 527 812 superne
549 728 773 812 incesseretur,
798 728 964 812 timuerat,
991 750 1077 812 prae-

71 816 162 879 stitit.
210 813 292 902 [xxx
320 821 352 880 et
379 817 441 881 duo
470 818 666 880 armatorum
690 815 817 880 ordines
840 817 946 899 ibant,
978 838 1082 901 neque
1102 838 1134 886 12

17 955 21 962 .
71 905 156 967 enim
168 905 276 968 latius
300 904 428 969 extendi
446 905 547 968 aciem
566 903 772 988 patiebantur
791 906 970 988 angustiae.
1000 903 1081 968 Pau-

69 991 162 1056 latim
186 993 300 1056 d'einde
322 994 429 1057 laxare
453 1014 521 1056 sese
545 993 635 1056 sinus
658 992 816 1056 montium
839 996 871 1056 et
889 993 992 1057 maius
1011 1015 1081 1077 spa-

69 1080 152 1144 tium
185 1082 308 1162 aperire
340 1084 524 1162 coeperant,
556 1081 602 1144 ita
629 1083 667 1143 ut
692 1101 760 1144 non
786 1079 882 1163 pedes
905 1081 1009 1145 solum
1033 1103 1081 1144 or·

58 1167 151 1240 ,dine
166 1167 326 1251 incedere,
355 1168 411 1232 sed
439 1169 536 1234 etiam
561 1166 718 1232 lateribus
740 1167 951 1231 circumfundi
972 1172 1084 1252 posset

72 1253 256 1337 equitatus]

505 1410 582 1476 on.
604 1410 643 1476 X.

16 1517 61 1582 25
102 1550 104 1554 v
160 1520 291 1583 iamin
318 1522 504 1602 conspectu,
534 1517 590 1580 sed
613 1520 703 1581 extra
725 1517 782 1581 teli
804 1517 924 1582 iactum
947 1521 1116 1602 utraque1

72 1608 156 1672 acies
180 1611 262 1691 erat,
294 1629 367 1672 cum
395 1607 518 1690 priores
540 1604 658 1670 Persae
681 1605 881 1671 inconditum
905 1608 938 1670 et
958 1609 1082 1671 trucem

71 1695 229 1760 sustulere
248 1696 428 1759 clamorem.
464 1693 620 1758 Redditur
638 1697 671 1758 et
684 1716 704 1758 a
716 1693 957 1776 Macedonibus,
979 1696 1082 1759 maior
1101 1716 1117 1764 a

72 1782 229 1847 exercitus
251 1803 394 1866 numero,
415 1783 500 1866 iugis
522 1782 681 1846 montium
699 1782 861 1866 vastisque
881 1782 1016 1846 saltibus
1035 1803 1082 1846 re·

71 1892 255 1956 percussus:
286 1871 403 1954 quippe
432 1891 557 1952 semper
579 1870 782 1934 circumiecta
802 1890 937 1934 nemora
958 1874 1081 1953 petrae-

72 1980 148 2044 que,
189 1961 479 2042 quantamcumque
519 1978 667 2041 accepere
703 1978 828 2043 vocem,
868 1957 1081 2040 multiplicato

71 2068 152 2112 sono
179 2046 332 2111 referunt.
368 2044 550 2110 Alexander
570 2049 645 2110 ante
663 2047 768 2129 prima
786 2046 880 2133 signa
892 2047 970 2129 ibat,
992 2047 1080 2111 iden·
1100 2067 1116 2115 e

69 2136 171 2199 tidem
197 2156 295 2199 manu
318 2156 393 2198 suos
415 2133 579 2218 inhibens,
605 2156 646 2216 ne
670 2137 818 2217 suspensi
839 2135 945 2200 acrius
968 2136 1010 2199 ob
1033 2135 1081 2198 ni-

70 2223 170 2287 miam
190 2222 433 2288 festinationem
455 2222 616 2287 concitato
635 2222 750 2307 spiritu
769 2226 972 2326 capesserent
989 2224 1081 2308 proe-

69 2310 158 2375 lium.
202 2309 358 2412 Cumque
369 2309 492 2396 agmini
514 2311 727 2395 obequitaret,
749 2315 838 2377 varia
860 2312 1022 2394 oratione,
1045 2313 1117 2379 uta

53 2399 223 2482 ¹caiusque
260 2399 377 2463 animis
414 2402 525 2481 aptum
470 2402 644 2482 um,erat
686 2399 804 2464 milites
841 2399 1082 2482 adloquebatur

70 2485 272 2572 Macedones,
294 2490 345 2552 tot
366 2487 554 2551 bellorum
545 2509 580 2550 m
602 2450 735 2571 Edropa
756 2489 908 2567 victores,
932 2485 985 2548 ad
996 2486 1081 2550 subi-

70 2575 210 2660 gendam
232 2575 345 2639 Asiam
368 2578 464 2658 atque
486 2575 600 2639 ultima
619 2574 778 2656 Orientis,
800 2596 868 2637 non
889 2573 992 2655 ipsius
1016 2595 1081 2636 1111-

70 2663 136 2748 gis,
166 2685 263 2744 quam
286 2684 345 2726 suo·
367 2662 442 2727 duct
428 2666 465 2726 tu
487 2663 636 2746 profecti,
658 2625 853 2725 inveteiatac
875 2659 1004 2725 virtutis
1026 2661 1081 2724 ad·

69 2749 295 2814 monebamtur
339 2748 417 2814 Illos
446 2753 604 2814 terrarum
631 2749 719 2815 orbis
740 2749 857 2814 liberat
842 2753 943 2814 tzores
975 2770 1079 2814 emen-
1099 2770 1115 2818 5

70 2858 188 2920 sosque
220 2837 297 2900 olim
323 2835 472 2902 Herculis
505 2840 538 2899 et
566 2835 675 2902 Liberi
702 2837 803 2922 patris
830 2839 985 2902 terminos
1012 2859 1080 2903 non

68 2925 176 2994 Persis
199 2924 305 3008 modo,
331 2926 387 2988 sed
410 2925 506 2988 etiam
530 2925 678 2992 omnibus
701 2926 850 3010 gentibus
872 2919 1080 3010 imposituros

68 3012 1080 3187 11111511111111111113111
1174 3110 1183 3127 ·

69 3191 195 3294 aperiri
239 3188 346 3256 Non
336 3213 371 3255 1n
392 3192 574 3277 praeruptis
596 3193 696 3277 petris
718 3192 902 3276 Illyriorum
925 3193 957 3253 et
979 3189 1079 3253 Thra·
1099 3213 1114 3259 1

70 3281 137 3345 ciae
160 3280 244 3345 saxis
268 3281 409 3344 sterilem
430 3281 574 3344 laborem
595 3280 674 3363 fore,
697 3281 801 3363 spolia
820 3279 920 3343 totius
938 3275 1061 3342 Orient
1037 3282 1080 3341 trs
1124 3277 1127 3284 ’

70 3369 186 3434 offerri.
237 3366 302 3431 Vix
328 3368 435 3452 gladio
462 3369 607 3432 futurum
634 3390 728 3454 opus,
759 3370 863 3433 totam
891 3366 992 3430 aciem
1021 3387 1079 3430 suo

66 3478 186 3541 pavore
210 3454 421 3533 fluctuantem
442 3456 636 3521 umbonibus
659 3477 755 3540 posse
776 3453 922 3538 propelli.
966 3451 1079 3517 Victor
1099 3474 1113 3522 1

69 3543 111 3609 ad
146 3543 225 3610 haec
256 3543 510 3610 Atheniensium
535 3543 703 3626 Philippus
740 3547 833 3627 pater
867 3541 1080 3605 invocabatur

766 3669 769 3676 .
883 3644 921 3697 2⁸
