2422 3892
199 114 264 178 222
572 115 603 181 Q.
623 113 733 170 OURTI
750 114 837 169 RUFI

197 258 369 324 ferebatur.
403 257 441 323 Id
459 258 636 323 maximum
653 260 724 323 erat
740 258 937 323 bellantibus
961 258 1156 326 incitamen
1178 290 1210 318 ιιι

198 351 232 412 ιι
258 347 437 412 desemisse
463 349 630 430 gestantes
662 346 802 410 militare
829 345 993 432 flagitium
1020 347 1190 415 habeba·

149 447 180 495 12
199 432 324 520 Capitis
348 435 446 500 etiam
469 437 642 499 sanxerant
663 455 802 518 poenam
827 434 885 518 iis,
912 434 1035 518 quiex
1061 438 1137 503 acie
1159 460 1209 502 ιιιι

198 523 414 604 rettulissent,
441 526 543 606 metu,
570 544 665 606 quem
688 544 728 586 ex
749 522 808 588 illo
829 522 925 587 horte
947 524 1125 607 quondam
1149 547 1207 592 con

199 615 363 695 ceperant,
394 611 494 676 etiam
521 611 773 694 irreligionem
800 611 1120 697 venerationemque
1148 636 1206 681 con

199 721 302 765 verso.
354 697 548 764 Macedonas
578 720 645 764 non
675 698 842 763 beluarum
874 699 987 784 modo,
1020 701 1087 767 sed
1128 730 1178 758 -ιι
1195 735 1208 759 ιι

148 800 180 847 13
199 787 302 870 ipsius
325 787 412 872 regis
436 790 583 870 aspectus
605 808 777 871 parumper
799 786 949 854 inhibuit
996 786 1131 857 Beluae
1165 821 1199 846 ιι

200 874 324 958 positae
354 876 439 939 inter
469 879 613 941 armatos
640 876 780 959 speciem
811 876 949 940 turrium
980 878 1105 960 procul
1138 878 1202 944 fw-

199 965 286 1047 rant,
313 962 384 1046 ipse
406 963 510 1029 Porus
533 963 693 1028 humanae
719 963 952 1049 magnitudinis
973 966 1179 1049 propemod·
1196 998 1208 1024 ιι

199 1055 380 1116 excesserat
396 1051 544 1117 formam.
574 1050 833 1136 Magnitudinem
846 1052 970 1135 corpori
983 1052 1118 1120 adicem
1131 1056 1198 1122 rid

197 1139 295 1204 batur
314 1139 422 1219 belua,
446 1163 510 1225 qua
527 1140 716 1222 vehebatur,
739 1143 869 1205 tantum
885 1140 971 1205 inter
989 1144 1124 1209 ceteras
1144 1145 1207 1211 emi

148 1240 182 1288 ιιι
198 1250 292 1313 ιιιιιι,
315 1232 437 1313 quanto
461 1228 534 1294 aliis
558 1229 627 1311 ipse
648 1228 845 1311 praestabat
887 1226 1003 1312 Itaque
1024 1228 1211 1298 Alexand

200 1318 439 1401 contemplatus
463 1320 496 1381 et
517 1336 627 1400 regem
650 1318 683 1379 et
706 1335 822 1399 agmen
843 1315 1008 1395 Indorum,
1031 1317 1208 1386 ‘Tandem’

199 1405 318 1488 inquit,
341 1403 412 1489 ‘par
430 1404 537 1468 animo
560 1424 631 1468 meo
654 1404 832 1486 periculum
851 1405 952 1470 rideo.
988 1402 1077 1473 (lum
1099 1408 1157 1474 b2:
1173 1408 1210 1465 n“:

148 1503 181 1550 ιι
200 1492 298 1555 simul
316 1495 349 1555 ιι
367 1513 440 1556 cum
463 1491 602 1576 egregiis
625 1490 703 1555 viris
725 1513 778 1557 res
802 1491 872 1557 est'.
914 1492 1120 1579 Intuensque
1176 1528 1201 1553 ··.

199 1600 279 1662 non,
305 1576 405 1644 ‘Cum
433 1577 519 1663 ego',
548 1578 668 1662 inquit,
696 1578 899 1646 ‘Ptolemaeo
930 1579 1156 1669 Perdiccaque
1193 1603 1211 1630 ·³

197 1666 440 1751 Hephaestione
463 1667 636 1732 comitatus
659 1666 694 1731 in
715 1668 843 1733 laevum
864 1668 1008 1734 hostium
1028 1690 1140 1738 cornu
1158 1674 1204 1738 im

198 1759 309 1841 petum
340 1756 445 1821 fecero
476 1756 659 1840 viderisque
686 1777 738 1820 me
765 1756 801 1820 in
827 1757 932 1821 medio
960 1756 1080 1824 ardore
1109 1764 1203 1827 certa

198 1845 314 1928 minis,
345 1845 414 1928 ipse
445 1844 593 1908 dextrum
624 1865 718 1909 move
749 1847 783 1908 et
812 1844 952 1909 turbatis
988 1844 1089 1930 signa
1120 1849 1209 1915 infer

198 1932 261 2014 Tu,
293 1932 467 2014 Antigene,
499 1936 533 1995 et
558 1935 608 2014 tu,
634 1930 812 2015 Leonnato,
843 1936 877 1997 et
903 1932 1046 2017 Tauron,
1079 1935 1200 2003 inveh

148 2032 179 2079 16
199 2018 279 2082 mini
305 2016 341 2082 in
366 2018 506 2082 mediam
529 2019 630 2082 aciem
653 2023 686 2084 ιι
708 2020 864 2105 urgebitis
887 2020 1036 2087 frontem.
1097 2030 1156 2081 ιΗ
1187 2073 1211 2082 ,.

197 2107 328 2170 nostrae
355 2105 549 2190 praelongae
577 2109 609 2170 et
631 2107 757 2172 validae
785 2129 852 2173 non
874 2109 956 2175 alias
978 2110 1088 2193 magis
1113 2134 1173 2198 qt:
1194 2146 1207 2171 ..

199 2193 352 2258 adversus
370 2192 483 2259 beluas
505 2197 710 2279 rectoresque
728 2217 839 2261 earum
857 2198 931 2262 usui
949 2219 1019 2263 esse
1035 2202 1205 2281 poterunt

199 2282 368 2347 deturbate
391 2303 460 2366 eos,
483 2283 539 2367 qui
562 2282 735 2368 vehuntur,
757 2288 791 2349 et
813 2284 902 2369 ipsas
924 2284 1100 2354 confodite.
1160 2321 1169 2348 ι
1193 2325 1197 2348 ι

198 2392 273 2455 ceps
307 2391 409 2457 genus
442 2371 555 2436 auxilii
587 2374 638 2436 est
669 2375 703 2437 ιι
732 2372 767 2436 in
794 2394 870 2438 suos
897 2374 1002 2439 acrius
1034 2372 1128 2442 aria
1205 2413 1208 2436 .

20 2492 23 2499 -
147 2471 178 2520 17
197 2459 325 2524 hostem
349 2459 435 2524 enim
457 2460 607 2544 imperio,
634 2460 668 2525 in
696 2481 771 2525 suos
795 2482 915 2545 pavore
938 2461 1068 2546 agitur?
1119 2464 1170 2531 H:
1190 2499 1211 2524 :l

198 2548 344 2613 elocutus
368 2547 509 2613 concitat
530 2569 647 2632 equum
668 2549 802 2631 primus.
838 2548 984 2634 Iamque,
1006 2554 1045 2615 ut
1067 2551 1123 2618 de
1139 2585 1196 2613 ιιι

197 2641 267 2701 tum
290 2644 372 2719 erat,
394 2637 560 2701 invaserat
582 2636 710 2702 ordines
732 2636 889 2721 hostium,
911 2659 984 2703 cum
1006 2636 1142 2709 Ooenm
1167 2644 1206 2711 in

19 2744 22 2757 =
147 2722 288 2808 regenti
310 2724 342 2787 vi
368 2724 403 2787 in
425 2724 552 2788 laevum
576 2745 676 2789 cornu
697 2724 869 2789 invehitur.
906 2724 1054 2791 Phalanx
1079 2749 1211 2818 quoqu

197 2810 336 2874 mediam
349 2809 501 2876 Indorum
520 2813 622 2876 aciem
635 2832 699 2877 uno
713 2813 837 2896 impetu
849 2809 1005 2898 perrupit.
1031 2813 1081 2891 At
1095 2816 1147 2884 Po
1177 2851 1183 2876 ι
1198 2852 1203 2878 ;

198 2919 262 2982 qua
280 2898 420 2982 equitem
438 2898 545 2963 invehi
562 2908 715 2981 senserat,
733 2900 846 2965 beluas
863 2901 919 2986 agi
935 2901 1044 2967 iussit:
1067 2905 1131 2970 sed
1148 2911 1208 2975 tar

197 2987 273 3051 dum
300 2989 334 3050 et
359 3007 460 3069 paene
487 2986 643 3051 inmobile
671 2988 790 3052 animal
818 3010 973 3073 equorum
997 2990 1209 3063 velocitate

39 3111 42 3115 ν
146 3087 178 3135 19
198 3096 334 3159 aequare
365 3095 432 3140 non
462 3076 599 3158 poterat
652 3074 704 3140 Ne
730 3076 925 3159 sagittarum
959 3077 1090 3162 quidem
1123 3084 1211 3149 ullu

198 3166 268 3228 crat
289 3163 437 3228 barbaris
455 3185 543 3228 usus.
579 3161 703 3247 Quippe
722 3164 839 3248 longas
858 3167 891 3230 et
907 3186 1122 3254 praegraves,
1144 3172 1205 3239 nis

196 3251 285 3335 prius
312 3251 347 3315 in
375 3255 464 3316 terra
491 3254 673 3317 statuerent
700 3273 822 3334 arcum,
848 3253 936 3318 haud
963 3253 1044 3319 satis
1071 3260 1154 3341 apte
1190 3293 1196 3316 ι

198 3339 364 3404 commode
387 3339 558 3423 inponunt:
591 3344 662 3415 tum
689 3340 787 3405 burno
815 3340 941 3406 lubrica
967 3345 1001 3406 et
1027 3343 1070 3407 ob
1098 3344 1137 3411 id
1164 3347 1205 3413 in

194 3425 346 3510 pediente
377 3430 529 3493 conatum
560 3428 730 3493 molientes
757 3428 840 3492 ictus
870 3428 1034 3495 celeritate
1060 3429 1172 3501 hosti
1193 3469 1208 3492 ,ι

130 3525 169 3574 20
187 3519 398 3603 occupantur.
444 3517 538 3607 Ergo
563 3520 678 3603 spreto
697 3515 789 3600 regis
810 3514 951 3596 imperio
972 3548 1018 3560 —
1038 3518 1132 3595 qued
1144 3520 1181 3583 ιι.
1208 3555 1210 3562 ‚
