2422 3892
298 171 552 227 HISTORIARUM
568 171 785 228 ALEXANDRI
803 172 877 242 VIII,
896 181 921 228 9.
942 179 983 228 10.
1077 175 1138 240 211

135 317 249 399 Itaque
272 319 310 382 ut
330 315 491 401 principio
519 320 676 381 terrorem
701 317 860 380 incuteret
887 317 978 400 genti
1000 316 1141 384 nondum
1161 332 1178 380 5

137 427 227 469 arma
249 403 460 469 Macedonum
483 407 646 488 expertae,
671 403 841 487 praecipit,
862 425 903 468 nc
926 405 978 469 cui
999 427 1143 489 parcere·

136 499 199 576 tur,
217 492 422 557 munimentis
441 492 542 576 urbis,
561 513 657 576 quam
676 491 854 576 obsidebat,
871 492 1017 558 incensis.
1054 492 1141 559 Oete·
1162 511 1178 557 c

136 603 221 663 rum,
247 580 323 645 dum
351 581 519 665 obequItat
545 580 727 663 moenibus,
758 580 880 665 sagitta
905 580 997 647 ictus.
1048 579 1143 666 Cepit

136 674 246 733 tamen
260 668 412 752 oppidum
426 673 460 734 et
474 669 622 734 omnibus
640 667 755 733 incolis
774 668 842 733 eius
860 669 1028 735 trucidatis
1044 671 1143 735 etiam

136 758 172 821 in
193 760 280 822 tecta
303 758 461 832 secutum
485 761 542 822 est.

84 846 127 911 35
224 844 301 910 Inde
323 845 445 911 domita
463 845 599 929 ignobili
622 848 719 930 gente
742 844 782 909 ad
800 844 924 928 Nysam
941 847 1054 912 urbem
1073 869 1143 931 per·
1162 864 1176 911 1

137 935 234 998 111111.
274 931 372 998 Forte
396 935 511 1000 castris
532 935 606 997 ante
625 935 696 1016 ipsa
713 933 840 998 moenia
857 934 892 998 in
910 935 1051 1000 silvestri
1070 937 1141 1002 loco

135 1023 253 1105 positis
272 1025 465 1087 nocturnum
487 1022 591 1107 frigus
614 1021 835 1086 vehementius
854 1043 950 1105 quam
969 1024 1050 1089 alias
1069 1025 1142 1090 hor-

136 1130 209 1175 rore
237 1130 373 1192 corpora
399 1109 518 1176 adfecit
544 1112 822 1193 opportunumque
853 1110 1028 1175 remedium
1056 1113 1141 1196 ignis

137 1197 282 1262 oblatum
314 1201 378 1262 est:
415 1199 517 1263 caesis
554 1198 671 1281 quippe
708 1197 799 1262 silvis
830 1197 995 1263 flammam
1027 1202 1178 1265 excita-⁸

136 1288 258 1350 verunt.
303 1284 392 1361 Quae
414 1286 511 1371 lignis
533 1287 614 1352 alita
635 1286 871 1369 oppidanorum
898 1287 1045 1370 sepulcra
1070 1308 1143 1352 con·

136 1373 314 1457 prehendit.
364 1373 503 1439 Vetusta
534 1374 627 1440 cedro
658 1378 751 1439 erant
776 1373 864 1439 facta
891 1378 1143 1459 conceptumque

137 1462 248 1546 ignem
266 1462 332 1527 late
349 1462 471 1546 fudere,
488 1463 590 1527 donec
608 1463 717 1527 omn'ia
735 1462 805 1527 solo
825 1466 962 1546 aequata
980 1468 1064 1527 sunt.
1099 1463 1144 1528 Et
1162 1483 1178 1530 c

136 1572 174 1614 ex
197 1550 277 1614 urbe
299 1551 439 1633 primum
462 1572 576 1616 canum
598 1551 751 1635 latratus,
777 1549 891 1616 deinde
919 1551 1019 1615 etiam
1041 1551 1144 1617 homi-

136 1659 214 1700 num
236 1637 383 1702 fremitus
407 1639 534 1704 auditus
562 1643 619 1704 est.
668 1639 759 1702 Tunc
782 1641 814 1721 et
837 1638 989 1723 oppidani
1015 1638 1143 1704 hostem

138 1728 171 1788 et
182 1724 373 1790 Macedones
392 1725 433 1789 ad
451 1727 563 1791 urbem
577 1727 666 1809 ipsos
684 1726 811 1790 venisse
827 1730 1033 1810 cognoscunt.
1060 1727 1143 1791 Iam·
1163 1747 1198 1796 10

138 1833 199 1895 que
231 1835 288 1877 rex
320 1813 473 1878 eduxerat
502 1815 613 1896 copias
646 1815 678 1877 et
704 1814 832 1878 moenia
858 1813 1040 1896 obsidebat,
1072 1835 1145 1878 cum

137 1900 290 1985 hostium,
309 1901 364 1985 qui
382 1900 554 1966 discrimen
572 1904 819 1984 temptaverant,
839 1902 948 1966 obruti
966 1902 1041 1966 telis
1061 1906 1145 1981 sunt,

138 1988 222 2053 Aliis
241 2008 318 2073 ergo
337 1988 541 2073 deditionem,
565 1989 638 2055 aliis
661 2009 805 2074 pugnam
827 1991 964 2072 experiri
986 1991 1145 2076 placebat,

138 2097 273 2160 quorum
295 2077 496 2143 dubitatione
519 2082 673 2161 conperta
696 2078 916 2143 circumsideri
937 2082 1065 2143 tantum
1089 2100 1144 2144 eos

137 2167 170 2227 et
184 2165 340 2230 abstineri
354 2166 503 2231 caedibus
517 2167 623 2232 iussit:
642 2167 836 2250 tandemque
855 2166 1035 2231 obsidionis
1049 2167 1144 2232 melis

136 2252 267 2338 fatigati
289 2254 436 2320 dedidere
459 2276 501 2320 se.
546 2254 577 2319 A
599 2253 716 2319 Libero
735 2254 831 2320 Patre
857 2254 1003 2320 conditos
1022 2276 1056 2318 se
1076 2277 1145 2319 csse
1165 2275 1197 2324 11

138 2340 288 2407 dicebant
304 2346 338 2407 ct
360 2364 436 2408 vera
458 2343 539 2408 haec
557 2343 648 2428 origo
672 2346 750 2407 erat.
796 2341 867 2407 Sita
885 2346 934 2407 est
952 2342 1012 2406 sub
1031 2342 1146 2406 radici·
1165 2363 1198 2412 12

137 2428 197 2493 bus
229 2431 367 2513 montis,
403 2453 498 2516 quem
534 2430 647 2497 Meron
682 2430 808 2495 incolae
839 2429 1015 2512 appellant.
1066 2428 1145 2493 Inde

137 2515 251 2583 Graeci
271 2520 447 2585 mentiendi
465 2524 590 2583 traxere
608 2518 789 2595 licentiam,
811 2515 899 2580 Iovis
917 2516 1036 2580 femine
1054 2515 1146 2580 Libe-

84 2606 127 2670 36
137 2627 209 2670 rum
235 2605 366 2670 Patrem
394 2628 463 2671 esse
490 2607 638 2671 celatum.
683 2605 752 2669 Rex
781 2603 847 2668 situ
869 2603 991 2667 montis
1014 2604 1199 2687 cognitum

138 2713 177 2755 ex
199 2693 408 2758 incoliorum
435 2698 506 2758 toto
530 2693 670 2758 exercitu
698 2691 885 2776 praemissis
912 2692 1145 2756 commeatibus

138 2780 291 2844 verticem
323 2781 391 2844 eius
424 2781 578 2845 ascendIt.
626 2780 732 2845 Multa
758 2779 878 2845 hedera
905 2779 1045 2862 vitisque
1074 2781 1145 2844 toto

137 2867 284 2952 gignitur
299 2872 417 2951 monte,
435 2868 557 2933 multae
572 2889 727 2951 perennes
742 2890 844 2952 aquae
858 2870 1001 2932 manant.
1032 2865 1145 2932 Pomo·
1166 2889 1200 2938 14

137 2977 209 3019 rum
234 2977 358 3040 quoque
389 2957 475 3021 11111
506 2957 715 3041 salubresque
747 2956 815 3022 suci
842 2960 919 3021 sunt
946 2977 1005 3020 sua
1031 2960 1146 3038 sponte

135 3043 345 3109 fortuitorum
378 3045 537 3110 seminum
570 3045 679 3127 fruges
707 3043 806 3109 humo
833 3044 1005 3109 nutriente.
1049 3041 1147 3107 Lauri

80 3196 83 3200 .
137 3131 344 3216 baccarisque
373 3137 406 3198 et
432 3133 539 3198 1111111
564 3133 667 3196 multa
693 3133 728 3196 in
754 3132 822 3196 illis
848 3132 983 3215 rupibus
1007 3131 1145 3214 agrestis

137 3222 187 3282 est
214 3221 304 3285 silva.
350 3217 452 3286 Credo
480 3219 628 3303 equidem
654 3240 721 3284 non
748 3219 857 3284 divino
887 3219 1058 3301 instinctu,
1089 3217 1198 3290 sed15

137 3307 270 3372 lascivia
298 3329 368 3372 esse
393 3310 577 3392 provectos,
604 3310 642 3372 ut
667 3308 789 3391 passim
811 3306 948 3371 hederae
971 3327 1008 3371 ac
1030 3305 1146 3370 vitium

136 3394 217 3459 folia
241 3394 448 3479 decerperent
468 3395 672 3480 redimitique
689 3395 803 3460 fronde
821 3397 893 3461 toto
911 3414 1040 3459 nemore
1058 3394 1145 3458 simi-

136 3483 184 3548 les
203 3483 436 3550 bacchantibus
454 3487 660 3570 vagarentur.
691 3482 839 3550 Vocibus
858 3503 941 3566 ergo
956 3484 1017 3544 tot
1028 3479 1173 3539 mulsum
1210 3503 1211 3509 .

127 3572 311 3653 praesidem
328 3574 473 3641 nemoris
492 3574 563 3642 cius
584 3573 686 3642 deum
709 3572 934 3640 adorantium
951 3567 1045 3693 ing}
1058 3552 1199 3619 mensus

977 3669 1021 3714 aa
