2422 3892
305 145 563 202 meroamnmu
581 104 798 200 leuxnnnru
816 145 890 215 viu,
910 152 934 199 a
1064 146 1128 210 209

120 292 294 375 vulgavere
317 291 351 354 in
374 294 499 355 exteras
522 295 650 374 gentes:
679 290 796 373 quippe
823 290 1035 354 aestimantur
1056 311 1130 372 pur-

122 382 273 464 gamenta
305 379 523 443 exaestuantis
554 377 630 442 freti
660 379 780 461 pretio,
813 377 897 461 quod
925 377 1026 443 libido
1059 399 1131 442 con·

123 466 240 531 stituit
288 465 425 551 Ingenia
451 466 633 549 hominum,
665 465 749 529 sicut
779 466 911 549 ubique,
944 465 1029 549 apud
1055 466 1131 530 illos
1149 477 1187 526 2ο

122 554 266 620 locorum
296 575 422 638 quoque
451 555 533 619 situs
560 553 689 618 format.
738 552 881 638 Corpora
908 575 1007 637 usque
1034 553 1131 637 pedes
1149 565 1185 614 21

123 642 257 707 carbaso
285 643 410 726 velant,
442 642 539 707 soleis
566 642 679 725 pedes,
708 641 814 725 capita
841 643 950 706 linteis
978 642 1131 723 vinciunt,

122 730 227 814 lapilli
250 752 288 795 ex
308 731 441 795 auribus
459 730 611 814 pendent,
633 729 767 794 brachia
789 751 916 814 quoque
939 734 971 794 et
993 731 1132 795 lacertos

123 840 202 882 auro
226 819 349 903 colunt,
377 819 494 902 quibus
518 819 602 882 inter
624 818 798 901 populares
821 822 878 883 aut
898 819 1052 884 nobilitas
1076 821 1133 882 aut

123 928 200 990 opes
229 906 380 970 eminent
426 903 590 989 (lapillum
612 909 745 988 pectunt
767 906 909 991 saepius,
936 928 1034 990 quam
1061 911 1132 971 ton·
1150 918 1186 968 22

122 995 214 1078 dent,
245 998 390 1058 mentum
423 1015 548 1077 semper
579 994 743 1059 intonsum
775 997 840 1077 est,
875 995 1034 1078 reliquam
1066 995 1132 1058 oris

69 1086 230 1154 32outem
253 1082 294 1145 ad
317 1080 456 1164 speeiem
479 1082 623 1146 levitatis
647 1085 834 1165 exaequant
874 1081 1000 1167 Regum
1023 1086 1133 1146 tamon
1151 1095 1185 1143 23

122 1169 262 1252 luxuria,
295 1190 392 1252 quam
424 1169 488 1252 ipsi
519 1169 794 1253 magnificentiam
827 1169 1007 1252 appellant,
1038 1191 1134 1252 super

124 1257 268 1322 omnium
301 1257 446 1342 gentium
479 1257 568 1321 vitia.
618 1254 699 1322 Oum
725 1279 781 1321 rex
809 1260 911 1321 semet
936 1256 971 1320 in
1002 1257 1132 1340 publico

124 1344 266 1428 conspici
301 1344 444 1429 patitur,
479 1345 624 1409 turibula
661 1350 816 1430 argentea
851 1345 994 1409 ministri
1026 1344 1135 1409 ferrmt

123 1436 292 1517 totumque
314 1433 387 1516 iter,
409 1454 466 1516 per
485 1433 569 1517 quod
587 1432 666 1497 ferri
684 1433 866 1523 destinavit,
888 1432 1041 1498 odoribus
1060 1453 1133 1497 con·

123 1521 223 1605 plent
264 1519 373 1585 Aurea
394 1521 510 1586 lectica
527 1522 715 1607 margaritis
734 1521 1067 1604 circumpendentibus
1085 1542 1133 1585 re·
1152 1534 1188 1582 24

124 1610 236 1691 cubat,
263 1610 415 1673 distincta
443 1612 519 1673 sunt
547 1631 625 1674 auro
649 1613 683 1673 et
707 1632 852 1693 purpura
877 1611 1025 1692 carbasa,
1053 1630 1134 1692 quae

124 1695 256 1759 indutus
289 1698 353 1760 est:
388 1696 537 1760 lecticam
569 1701 746 1781 sequuntur
777 1696 896 1761 armati
927 1696 1134 1779 corporisque
1152 1708 1187 1758 25

126 1782 288 1865 custodes,
315 1783 401 1846 inter
423 1804 503 1867 quos
526 1784 627 1848 ramis
650 1804 725 1847 aves
747 1784 902 1868 pendent,
929 1804 1009 1866 quas
1037 1787 1134 1847 cantu

126 1871 218 1935 seriis
240 1872 336 1935 rebus
360 1870 546 1954 obstrepere
574 1871 758 1935 docuerunt
800 1871 904 1955 Regia
929 1874 1059 1935 auratas
1083 1892 1134 1936 co·
1153 1884 1188 1933 26

125 1959 255 2022 lumnas
282 1958 395 2023 habet:
421 1961 510 2023 totas
538 1979 592 2023 eas
619 1959 696 2024 vitis
723 1979 801 2023 auro
827 1959 951 2024 caelata
977 1959 1135 2042 percurrit

126 2047 311 2131 aviumque,
343 2068 479 2130 quarum
508 2046 579 2111 visu
607 2047 745 2111 maxime
773 2047 929 2132 gaudent,
961 2049 1151 2131 argenteae

126 2134 251 2218 effigies
283 2156 382 2218 opera
414 2134 625 2218 distinguunt
678 2135 781 2220 Regia
813 2134 1004 2200 adeuntibus
1035 2138 1135 2218 patet,
1154 2147 1188 2196 27

125 2244 199 2287 curn
223 2223 377 2306 capillum
399 2222 501 2306 pectit
523 2226 619 2307 atque
643 2228 749 2288 ornat:
771 2226 848 2288 tunc
870 2244 1026 2308 responsa
1047 2223 1135 2306 lega-

126 2312 284 2394 tionibus,
305 2314 383 2375 tunc
399 2311 471 2375 iura
488 2311 698 2394 popularibus
715 2311 829 2375 reddit.
869 2309 1018 2393 Demptis
1038 2310 1135 2374 soleis

127 2400 280 2464 odoribus
311 2398 492 2463 inlinuntur
523 2400 629 2482 pedes.
677 2398 824 2463 Venatus
853 2397 1012 2462 maximus
1040 2397 1136 2461 labor
1154 2407 1190 2458 28

127 2490 177 2552 ost
199 2488 325 2552 inclusa
346 2488 469 2552 vivario
490 2487 641 2551 animalia
657 2486 744 2549 inter
765 2488 842 2549 vota
864 2489 1040 2568 cantusque
1058 2484 1137 2567 peli-

127 2597 199 2639 cum
212 2575 321 2660 figere.
351 2574 472 2639 Binum
486 2575 668 2639 cubitorum
683 2573 822 2657 sagittae
841 2574 926 2653 sunt,
945 2592 1026 2655 quas
1046 2571 1138 2636 emit·

127 2665 204 2726 tunt
230 2662 352 2725 maiore
378 2662 452 2726 nisu
480 2682 574 2744 quam
600 2661 713 2725 effectu
720 2709 729 2740 ,
756 2659 875 2743 quippe
900 2660 1016 2743 telum,
1047 2659 1137 2724 cuius

127 2750 162 2813 in
189 2748 322 2812 levitate
351 2749 400 2813 vis
424 2749 617 2832 omnisest,
643 2746 782 2811 inhabili
808 2745 949 2829 pondere
977 2751 1137 2812 oneratur.

128 2836 285 2901 Breviora
310 2835 429 2917 itinera
457 2856 539 2918 equo
567 2835 710 2901 conficit:
736 2834 866 2918 longior
892 2834 948 2900 ubi
975 2835 1190 2918 expeditiore

129 2927 193 3009 est,
220 2923 385 3007 elephanti
412 2923 534 2987 vehunt
561 2943 689 2989 currum
717 2924 750 2988 et
776 2926 941 2987 tantarum
968 2923 1137 2988 beluarum

129 3034 264 3097 corpora
294 3014 365 3077 tota
396 3014 575 3097 contegunt
605 3033 694 3076 auro.
748 3011 796 3076 Ac
826 3031 868 3075 ne
898 3010 975 3095 quid
1002 3011 1138 3093 perditis

113 3092 272 3166 ¹moribus
297 3099 390 3182 desit,
411 3099 534 3164 lecticis
557 3099 663 3165 aureis
686 3099 825 3183 pelicum
846 3099 964 3183 longus
988 3098 1065 3163 ordo
1090 3119 1138 3162 se-

130 3189 253 3272 quitur:
276 3191 460 3272 separatum
484 3209 504 3251 a
525 3187 658 3272 reginae
676 3186 786 3252 ordine
805 3206 921 3270 agmen
940 3188 989 3250 est
1007 3188 1137 3269 aequat-

128 3297 192 3360 que
222 3275 391 3341 luxuriam.
445 3273 595 3339 Feminae
629 3275 741 3360 epulas
772 3277 898 3357 parant.
951 3271 1004 3338 Ab
1036 3272 1138 3337 isdem
1155 3286 1192 3334 30

130 3365 241 3429 vinum
273 3363 490 3447 ministratur,
521 3362 611 3428 cuius
643 3361 793 3427 omnibus
824 3360 914 3425 Indis
945 3360 1055 3446 largus
1088 3364 1139 3425 est

129 3473 218 3518 usus.
261 3450 385 3536 Regem
413 3472 502 3516 mero
530 3472 706 3535 somnoque
734 3449 877 3534 sopitum
898 3448 937 3512 in
956 3447 1154 3511 cubicum

126 3541 250 3624 pelices
279 3539 435 3625 referunt,
467 3539 577 3626 patrio
611 3540 759 3607 carmine
782 3537 941 3603 noctium
967 3527 1183 3594 'inuocantes

174 3651 360 3696 ounluultufuu.
985 3633 1029 3680 Ἃ
