2422 3892
257 121 515 177 HISTORIARUM
533 119 750 176 ALEXANDBI
768 119 821 189 111,
840 124 919 174 3-6.
1079 119 1100 182 9

43 280 47 288 ·
85 265 153 328 eius
177 264 297 330 crebris
321 266 595 351 distinguentibus
613 266 705 330 rivis:
728 263 885 347 Pyramus
907 266 940 327 et
957 260 1100 346 Cydnus,

84 353 188 417 incliti
211 375 333 438 amnes,
354 354 467 420 fluunt
498 352 629 438 Cydnus
647 375 715 418 non
733 353 839 435 spatio
858 373 1023 435 aquarum,
1046 351 1101 415 sed
1191 405 1193 409 ,

84 441 209 524 liquore
233 443 464 526 memorabilis,
491 443 609 526 quippe
631 442 697 505 leni
718 444 825 505 tractu
848 462 865 505 e
887 439 1033 503 fontibus
1056 439 1101 503 la-

86 528 167 592 bens
190 551 270 612 puro
293 531 362 594 solo
386 531 542 615 excipitur
563 551 624 594 neo
645 532 806 594 torrentes
835 528 1016 610 incurrunt,
1046 527 1101 610 qui

67 617 211 699 'placide
237 619 401 683 manantis
425 620 551 683 alveum
574 617 713 682 turbent
757 616 873 702 Itaque
895 616 1136 698 incorruptuse

85 704 233 789 idemque
261 706 503 790 frigidissimus,
531 707 648 790 quippe
671 707 773 771 multa
795 705 938 788 riparum
961 703 1101 767 amoeni-

85 795 154 856 tate
176 794 391 873 inumbratus,
419 795 538 879 ubique
561 794 704 859 fontibus
728 793 794 857 suis
818 792 932 856 similis
956 792 991 855 in
1014 813 1101 855 mare

86 880 200 946 evadit.
243 881 348 947 Multa
375 883 411 946 in
433 882 625 967 earegione
647 883 857 945 monumenta
878 881 1011 963 vulgata
1034 897 1155 948 car-10

86 968 228 1033 minibus
250 973 395 1035 vetustas
419 971 574 1048 exederat
613 968 881 1034 Monstrabantur
902 968 1031 1031 urbium
1054 989 1101 1032 se-

87 1055 144 1121 des
171 1056 323 1139 Lyrnessi
350 1061 383 1120 et
405 1057 545 1141 Thebes,
574 1056 742 1140 Typhonis
770 1077 896 1139 quoque
927 1076 1041 1138 specus
1070 1059 1103 1118 et

87 1143 411 1228 Coryciumnemus,
441 1146 499 1210 ubi
521 1167 649 1210 crocum
673 1144 831 1228 gignitur,
858 1147 1040 1226 ceteraque,
1067 1143 1102 1206 in

88 1232 207 1314 quibus
230 1231 312 1296 nihil
334 1236 462 1316 praeter
484 1232 604 1296 famam
628 1232 807 1306 dureyerat.

36 1320 85 1405 11Ι
176 1320 359 1385 Alexander
394 1320 504 1385 fauces
539 1321 621 1405 iugi,
654 1342 735 1404 quae
766 1318 864 1402 Pylae
892 1319 1153 1402 appellantur,11

86 1407 230 1472 intravit.
263 1406 508 1492 Contemplatus
531 1410 675 1473 locorum
694 1408 792 1472 situm
815 1429 882 1472 non
900 1407 980 1471 alias
999 1407 1103 1492 magis

89 1496 205 1561 dicitur
227 1495 403 1561 admiratus
427 1518 496 1561 esse
519 1497 706 1561 felicitatem
726 1518 829 1560 suam:
853 1496 947 1560 obrui
960 1496 1102 1579 potuisse

88 1585 140 1648 vel
172 1585 258 1649 saxis
290 1584 517 1668 confitebatur,
550 1586 577 1649 si
608 1585 745 1650 fuissent
776 1585 832 1669 qui
861 1585 898 1648 ia
927 1584 1101 1647 subeuntes

89 1673 314 1755 propellerent.
364 1671 431 1736 Iter
466 1674 520 1737 vix
556 1677 730 1757 quaternos
766 1672 915 1756 capiebat
947 1675 1101 1735 armatosc
1124 1685 1155 1734 12

90 1761 222 1823 dorsum
243 1760 368 1825 montis
400 1760 589 1828 imminebat
619 1762 690 1827 viae
720 1782 787 1824 non
815 1761 971 1843 angustae
999 1759 1104 1841 modo,

92 1847 148 1911 sed
174 1848 360 1931 plerumque
386 1853 590 1933 praeruptae,
622 1848 743 1913 crebris
771 1846 995 1912 oberrantibus
1017 1846 1104 1928 rivis,
1143 1844 1151 1860 “

91 1934 148 2019 qui
170 1956 209 1998 ex
230 1935 390 2001 radicibus
413 1938 573 2002 montium
592 1939 737 2001 manant.
773 1934 915 1999 Thracas
933 1938 1043 1998 tamen
1060 1935 1103 1997 le·
1124 1954 1174 2004 rs·

31 2064 33 2068 -
90 2024 174 2087 viter
195 2027 337 2089 armatos
358 2025 547 2108 praecedere
564 2025 703 2090 iusserat
722 2023 919 2107 scrutarique
934 2022 1041 2106 calles,
1063 2044 1104 2085 ne

91 2113 235 2176 occultus
257 2113 361 2198 hostis
383 2114 419 2177 in
441 2115 614 2178 subeuntes
632 2116 821 2196 erumperet
857 2109 1104 2196 Sagittariorum

92 2221 219 2283 quoque
241 2223 356 2265 manus
380 2206 591 2285 occupauerat
613 2202 738 2285 iugum:
768 2201 909 2264 intentos
932 2221 1025 2263 arcus
1048 2199 1104 2262 ha·

91 2287 215 2352 bebant
245 2287 373 2373 moniti,
410 2311 477 2355 non
509 2290 571 2354 iter
601 2290 688 2373 ipsos
721 2289 815 2370 inire,
851 2288 907 2351 sed
937 2286 1104 2371 proelium.

91 2374 164 2441 Hoc
185 2376 281 2442 modo
305 2397 423 2463 agmen
444 2379 592 2461 pervenit
614 2378 654 2442 ad
673 2378 786 2441 urbem
804 2375 938 2457 Tarson,
961 2374 1012 2438 cui
1034 2377 1158 2440 tum14

92 2464 231 2529 maxime
252 2463 370 2530 Persae
397 2466 597 2531 subiciebant
621 2466 745 2550 ignem,
775 2484 816 2526 ne
840 2463 1028 2544 opulentum
1051 2481 1105 2542 op·

91 2552 203 2635 pidum
229 2552 334 2617 hostis
360 2553 535 2618 invaderet.
580 2552 626 2618 At
647 2553 701 2615 ille
724 2549 936 2614 Parmenione
961 2548 1002 2611 ad
1023 2547 1105 2611 inhi-
1126 2568 1158 2617 ra

91 2640 235 2704 bendum
274 2640 459 2705 incendium
496 2663 568 2704 cum
605 2638 753 2721 expedita
788 2658 886 2700 manu
920 2636 1107 2718 praemisso,

93 2730 269 2810 postquam
294 2728 449 2793 barbaros
476 2729 616 2792 adventu
644 2747 775 2790 suorum
800 2724 930 2809 fugatos
958 2744 1028 2790 esse
1055 2746 1106 2789 co·

94 2813 222 2899 gnovit,
245 2813 357 2878 urbem
380 2837 399 2879 a
422 2837 456 2879 se
480 2813 702 2880 conservatam
724 2813 834 2877 intrat.

532 2969 609 3038 Cur.
633 2971 673 3037 V.

43 3081 85 3145 12
183 3078 323 3144 Mediam
342 3077 472 3164 Cydnus
496 3079 610 3157 amnis,
633 3078 671 3143 de
694 3101 757 3164 quo
775 3080 873 3164 paulo
893 3080 967 3141 ante
987 3076 1108 3139 dictum
1128 3096 1141 3143 1

86 3170 158 3250 est,
187 3167 352 3232 interfluit
395 3167 442 3231 Et
467 3171 544 3231 tunc
567 3170 671 3231 aestas
696 3171 777 3249 erat,
809 3169 899 3232 cuius
928 3165 1016 3228 calor
1041 3185 1109 3228 non

95 3256 193 3319 aliam
215 3256 318 3340 magis
341 3278 438 3341 quam
452 3254 581 3321 Ciliciae
605 3277 694 3320 oram
717 3275 836 3338 vapore
857 3253 935 3317 solis
955 3251 1131 3333 accendit·

96 3346 130 3407 et
155 3344 219 3407 diei
244 3344 492 3408 fervidissimum
519 3346 647 3425 tempus
675 3364 744 3407 esse
772 3343 929 3423 coeperat
973 3338 1143 3404 Pulverer

96 3431 193 3495 simul
220 3453 257 3496 ac
287 3432 402 3496 sudore
428 3431 595 3514 perfusum
622 3449 731 3514 regem
753 3428 906 3493 inuitauit
923 3427 1037 3509 liquor
1054 3425 1117 3484 ‘hu-

95 3519 203 3599 minis,
224 3522 262 3583 ut
284 3520 420 3584 calidum
444 3518 550 3585 adhuc
571 3539 692 3607 corpus
711 3519 877 3585 ablueret.
903 3507 1147 3596 &acquisisse
