2408 3900
305 154 558 210 HISTORIARUM
576 154 790 208 ALEXANDRI
808 153 841 222 X,
861 159 885 208 2.
904 159 928 207 3.
1057 151 1121 215 265

112 296 1175 470 111111111111111111111

112 475 296 544 mehercule
318 475 357 539 de
379 475 459 559 fuga
481 479 589 540 vestra
611 479 652 559 et,
675 474 868 557 ubicumque
887 495 951 557 ero,
975 476 1123 555 expetam
1156 475 1157 479 ’

110 583 235 650 poenas
257 563 331 648 hos,
354 584 426 629 cum
450 563 567 647 quibus
591 585 641 626 me
661 562 857 646 relinquitis,
880 561 1013 627 colendo
1033 581 1124 644 prae·

110 652 307 737 serendoque
339 652 440 717 vobis.
493 650 563 715 lam
599 656 707 716 autem
740 650 862 734 scietis,
898 654 932 715 et
968 653 1124 762 quantum

113 741 186 806 sine
207 762 283 825 rege
305 741 413 806 valeat
436 741 594 805 exercitus
613 739 741 823 etquid
765 739 836 822 opis
854 739 889 803 in
907 760 958 802 me
977 758 1041 802 uno
1061 734 1123 801 sit'

69 826 257 900 llDesiluit
288 828 402 894 deinde
435 828 586 892 frendens
613 828 652 892 de
679 827 835 891 tribunali
863 828 932 891 et
922 849 957 890 1n
984 825 1124 890 medium
1143 836 1176 885 eo

113 922 313 983 armatorum
345 938 462 1001 agmen
493 938 527 981 se
560 917 710 997 immisit,
742 920 872 979 notatos
901 936 1042 998 quoque,
1070 913 1125 997 qui

112 998 313 1072 feiocissime
345 1005 489 1069 oblocuti
521 1008 627 1089 erant,
664 1004 808 1088 singulos
840 1025 936 1068 manu
969 1002 1125 1086 corripuit

113 1113 175 1160 nec
197 1114 293 1159 ausos
317 1113 496 1177 repugnare
520 1111 583 1158 x111
608 1056 824 1157 adservandos
841 1090 1035 1156 custodibus
1059 1113 1125 1156 cor·

115 1182 205 1267 poris
228 1180 370 1245 tradidit.

541 1320 619 1386 011.
643 1321 700 1385 Ill.

205 1443 297 1521 ouis·
313 1445 457 1510 crederet
483 1466 612 1510 saevam
640 1446 736 1529 paulo
766 1447 841 1509 ante
864 1444 1048 1510 contionem
1071 1443 1160 1508 ob-1

116 1533 278 1614 torpuisse
295 1534 403 1598 subito
418 1533 527 1598 metu?
556 1534 626 1615 [nt]
642 1555 714 1598 cum
734 1534 775 1598 ad
790 1533 984 1616 supplicium
1002 1531 1127 1596 viderat
1144 1542 1161 1590 1

114 1619 206 1685 trahi
222 1620 325 1685 nihilo
345 1643 441 1686 ausos
459 1622 612 1705 graviora
631 1643 728 1704 quam
744 1624 877 1703 ceteros,
896 1621 963 1686 sive
977 1620 1127 1702 nominis,
1144 1631 1160 1678 1

118 1708 202 1811 quod
227 1713 353 1792 gentes,
373 1708 988 1810 ’11111111111111111111111111111
1008 1709 1127 1789 colunt,

118 1799 184 1862 sive
216 1797 349 1881 propria
379 1797 482 1880 ipsius
513 1796 691 1878 veneratio,
724 1797 791 1860 sive
822 1795 940 1860 fiducia
971 1799 1064 1860 tanta
1094 1796 1127 1859 vi
1187 1842 1191 1848 -

118 1885 334 1951 exercentis
325 1885 496 1969 rmperium
529 1847 705 1949 conterruit
737 1905 804 1948 eos:
842 1884 1007 1968 singulare
1040 1887 1161 1948 111114

119 1975 285 2038 ediderunt
312 1974 488 2057 patientiae
517 1964 699 2055 exemplum
728 1971 871 2055 adeoque
894 1993 960 2036 non
979 1975 1054 2036 sunt
1076 1993 1126 2036 ac·
1179 2026 1182 2034 .

120 2063 205 2126 censi
227 2062 385 2147 supplicio
410 2061 680 2142 commilitonum,
704 2081 776 2124 cum
800 2061 859 2125 sub
882 2063 1011 2124 noctem
1030 2061 1126 2124 inter-

118 2150 220 2214 fectos
235 2171 304 2215 esse
319 2154 521 2234 cognossent,
537 2144 574 2213 nt
587 2149 669 2213 nihil
684 2149 861 2232 omiserint,
879 2149 964 2232 quod
979 2148 1126 2232 [singuli]

119 2238 224 2322 magis
248 2238 455 2302 oboedienter
479 2241 512 2303 et
533 2237 586 2339 pie
610 2239 760 2301 facerent
791 2234 876 2301 Nam
901 2258 974 2301 cum
997 2241 1162 2320 posteros

120 2326 171 2390 die
194 2325 352 2410 prohibiti
374 2325 464 2390 aditu
485 2326 572 2410 regis
596 2329 704 2390 essent
721 2325 875 2389 Asiaticis
898 2325 993 2389 modo
1017 2324 1128 2388 militi·

118 2416 179 2480 bus
199 2414 356 2499 admissio,
374 2414 545 2497 lugubrem
566 2415 646 2479 totis
665 2414 782 2478 castris
802 2413 928 2478 edidere
946 2412 1128 2495 clamorem,

118 2505 347 2568 denuntiantes
365 2504 515 2585 protinus
535 2525 603 2568 1111
622 2502 806 2586 morituros,
825 2501 852 2565 si
870 2523 926 2565 rex
945 2521 1128 2584 persevera·

70 2595 168 2658 12111
190 2593 296 2657 irasci.
341 2589 387 2654 At
409 2592 465 2654 ille
488 2591 665 2674 pervicacis
689 2590 873 2671 adomnia,
902 2610 982 2673 quae
1007 2589 1127 2672 agitas·
1147 2600 1163 2648 6

119 2684 181 2762 set,
210 2679 312 2744 animi
337 2679 581 2762 peregrinorum
605 2679 746 2744 militum
774 2679 955 2744 contionem
978 2676 1128 2742 advocari

118 2768 209 2832 iubet
231 2767 460 2832 Macedonibus
483 2768 571 2832 intra
593 2773 701 2833 eastra
723 2766 874 2832 cohibitis
898 2770 944 2850 et,
970 2787 1043 2831 eum
1067 2765 1127 2829 fre·

119 2860 253 2941 quantes
278 2856 432 2938 coissent,
459 2856 605 2921 adhibito
627 2857 802 2940 interprete
825 2856 925 2920 talem
949 2855 1128 2921 orationem

118 2945 246 3009 habuit:
277 2943 370 3011 ‘Cum
395 2966 433 3008 ex
456 2944 589 3030 Europa
610 2945 777 3010 traicerem
801 2946 836 3010 in
858 2944 985 3029 Asiam,
1009 2945 1163 3008 11111111

118 3035 244 3099 nobiles
278 3037 403 3119 gentes,
434 3054 587 3117 magnam
613 3034 679 3099 vim
706 3034 872 3098 hominum
896 3032 1033 3117 imperio
1057 3053 1129 3097 meo

119 3146 170 3189 me
190 3123 375 3189 additurum
393 3144 462 3186 esse
482 3124 662 3206 sperabam.
693 3123 761 3188 Nec
779 3122 929 3205 deceptus
945 3142 1025 3203 sum,
1044 3120 1128 3203 quod
1148 3130 1163 3178 8

120 3212 158 3275 de
181 3212 232 3277 his
261 3211 380 3277 credidi
406 3212 519 3276 famae.
566 3210 628 3277 Sed
651 3212 691 3276 ad
714 3211 771 3274 illa
792 3211 856 3274 hoc
879 3230 1004 3293 quoque
1028 3228 1129 3273 acces-

120 3300 177 3383 sit,
206 3302 291 3385 quod
310 3300 403 3365 video
424 3299 525 3365 fortes
545 3301 632 3365 viros
650 3306 679 3364 et
696 3318 774 3382 erga
792 3319 884 3382 reges
904 3319 979 3362 suos
998 3297 1129 3381 pietatis

120 3388 268 3453 invictae.
304 3387 397 3454 Luxu
421 3390 530 3453 omnia
554 3389 651 3453 fluere
670 3387 866 3452 credideram
885 3388 918 3450 et
934 3387 1037 3451 nimia
1059 3386 1128 3450 feli·
1149 3396 1164 3443 1

120 3476 217 3541 citate
236 3477 341 3561 mergi
359 3478 394 3542 in
411 3477 606 3561 uoluptates.
637 3475 684 3540 At
701 3474 845 3540 hercules
865 3476 975 3542 munia
992 3474 1130 3540 militiae

118 3563 180 3629 hoe
218 3565 398 3630 animorum
442 3586 675 3648 corporumque
716 3563 831 3629 robore
868 3586 968 3647 aeque
1002 3561 1130 3644 inpigre
