2422 3892
243 156 498 213 HISTORIARUM
515 155 733 212 ALEXANDRI
751 157 811 226 VII,
833 164 873 214 10.
895 165 936 216 11.
1028 159 1089 224 181

86 301 256 366 obtinebat
278 301 442 366 alimentis
465 304 540 366 ante
560 301 732 385 congestis,
754 323 837 385 quae
855 305 966 368 tantae
984 303 1092 368 multi·

85 389 190 454 tudini
208 388 261 454 vel
279 410 338 472 per
355 389 522 454 biennium
545 392 761 473 suppeterent
806 388 904 454 Petra
926 391 961 454 in
983 390 1127 456 altitu-2

87 477 195 542 dinem
213 495 287 541 xxx
306 477 426 541 eminet
444 477 560 559 stadia,
578 477 714 542 circuitu
733 482 805 552 cet
823 495 845 541 n
865 479 1091 562 conplectitur:

86 565 227 649 undique
250 564 377 630 abscisa
399 569 432 630 et
455 566 593 648 abrupta
621 566 736 630 semita
757 571 956 651 perangusta
978 567 1093 632 aditur.

86 652 125 718 In
154 653 261 717 medio
288 653 472 718 altitudinis
501 653 607 736 spatio
635 653 734 717 habet
762 675 906 737 specum,
938 654 1027 719 cuius
1056 668 1128 720 osa

87 745 194 805 artum
212 744 245 805 et
264 741 435 807 obscurum
453 745 512 825 est,
533 741 692 824 paulatim
711 741 825 806 deinde
843 742 998 806 ulteriora
1016 765 1093 826 pan-

86 828 219 910 duntur,
245 829 363 894 ultima
389 828 488 894 etiam
515 829 600 894 altos
627 849 770 894 recessus
797 830 928 895 habent.
972 829 1092 896 Fontes

86 938 143 1000 per
175 921 280 983 totum
311 917 379 981 fere
412 937 541 1000 specum
571 920 724 1000 manant,
756 939 773 982 e
806 917 922 1002 quibus
955 919 1093 984 collatae

87 1027 279 1157 tillidi
294 1005 710 1176 tlttdssttslttt
723 1004 1128 1176 {tltttpulttt‘

87 1180 219 1244 incessit
237 1180 344 1244 animo
363 1183 512 1244 naturam
531 1201 657 1264 quoque
670 1179 838 1264 fatigandi.
873 1180 969 1245 Prius
983 1186 1093 1246 tamen
1112 1191 1128 1240 5

87 1288 184 1351 quam
197 1267 363 1333 fortunam
377 1267 554 1332 obsidionis
568 1268 775 1352 experiretur,
794 1266 928 1352 Cophen
945 1303 982 1314 -
1000 1269 1094 1333 Arta·

87 1354 160 1420 bani
178 1354 231 1421 hic
248 1355 334 1420 filius
354 1360 424 1420 erat
444 1392 483 1402 -
502 1356 592 1420 misit
610 1356 651 1420 ad
669 1357 839 1440 barbaros,
862 1356 917 1439 qui
935 1357 1094 1440 suaderet,

86 1447 124 1508 ut
156 1442 307 1509 dederent
337 1465 459 1528 rupem.
513 1442 681 1508 Arimazes
713 1444 785 1509 loco
821 1443 923 1509 fretus
956 1445 1094 1528 superbe

86 1531 191 1596 multa
219 1532 398 1615 respondit,
429 1531 470 1596 ad
501 1532 666 1615 ultimum,
698 1553 740 1597 an
770 1530 955 1597 Alexander
985 1532 1094 1597 volare

86 1622 210 1702 posset,
232 1620 422 1704 interrogat.
468 1619 556 1694 Quae
578 1621 728 1684 nuntiata
749 1620 821 1703 regi
849 1620 895 1684 sic
923 1620 1129 1685 accenderes

88 1706 239 1790 animum,
262 1710 299 1770 ut
322 1705 487 1789 adhibitis,
508 1727 581 1771 cum
604 1708 721 1790 quibus
744 1708 927 1772 consultare
951 1711 1021 1771 erat
1044 1730 1094 1773 so-

87 1793 185 1877 litus,
215 1792 375 1858 indicaret
406 1793 613 1858 insolentiam
643 1794 775 1858 barbari
806 1794 966 1859 eludentis
996 1794 1094 1878 ipsos,

88 1881 164 1964 quia
191 1880 307 1964 pinnas
334 1901 401 1946 non
426 1880 597 1945 haberent:
630 1903 664 1946 se
692 1885 799 1946 autem
826 1881 974 1966 proxima
1000 1886 1095 1946 nocte

89 1969 288 2053 effecturum,
305 1972 343 2033 ut
361 1968 506 2033 crederet
518 1967 709 2034 Macedones
729 1969 825 2034 etiam
843 1970 962 2034 volare.
999 1968 1094 2054 ‘0002
1114 1978 1126 2029 t

88 2056 208 2141 inquit,
236 2055 488 2140 ‘pernicissimos
515 2057 646 2122 iuvenes
674 2079 713 2122 ex
740 2057 805 2122 suis
835 2058 968 2142 quisque
992 2057 1093 2140 copiis

44 2141 46 2143 ’
87 2144 253 2227 perducite
277 2144 400 2224 adme,
423 2145 479 2229 qui
501 2166 559 2229 per
581 2145 679 2211 calles
699 2148 732 2209 et
753 2166 855 2229 paene
873 2145 978 2210 invias
996 2167 1094 2229 rupes

88 2230 177 2296 domi
203 2253 320 2315 pecora
347 2253 443 2317 agere
466 2232 717 2299 consueverant?
758 2232 812 2297 Illi
834 2237 1038 2317 praestantes
1062 2236 1130 2296 et8

87 2319 221 2385 levitate
243 2341 414 2404 corporum
436 2324 470 2385 et
492 2321 606 2387 ardore
629 2322 810 2385 animorum
838 2324 968 2385 strenue
998 2320 1094 2384 addu-

88 2411 174 2472 cunt.
220 2406 306 2483 Quos
330 2409 460 2474 intuens
484 2430 554 2492 rex,
578 2407 788 2490 ‘Vobiscum',
810 2408 930 2491 inquit,
952 2406 985 2471 ‘o
1008 2407 1095 2471 iuve-

86 2517 145 2561 nes
168 2500 202 2561 et
224 2496 288 2561 mei
306 2497 471 2580 aequales,
493 2497 622 2562 urbium
644 2496 839 2560 invictarum
858 2503 933 2559 ante
956 2515 1008 2558 me
1026 2515 1094 2557 mu·

87 2584 232 2648 nimenta
255 2584 418 2667 superavi,
445 2584 607 2649 montium
628 2583 706 2667 iuga
727 2581 860 2665 perenni
882 2582 955 2646 nive
979 2581 1096 2646 obruta

89 2691 237 2734 emensus
262 2692 348 2751 sum,
377 2671 544 2754 angustias
568 2669 701 2735 Ciliciae
728 2669 862 2751 intravi,
888 2667 1001 2733 Indiae
1024 2669 1095 2732 sine

88 2756 279 2821 lassitudine
302 2758 368 2820 vim
389 2757 522 2841 frigoris
546 2778 617 2821 sum
634 2777 814 2840 perpessus.
854 2754 899 2820 nt
916 2756 981 2820 mei
999 2756 1129 2820 doen-e

88 2847 198 2908 menta
214 2842 307 2908 vobis
332 2844 405 2909 dedi
427 2849 461 2910 et
483 2849 593 2910 vestra
609 2844 723 2910 habeo.
762 2843 873 2928 Petra,
896 2865 993 2928 quam
1010 2843 1095 2908 vide-

88 2932 142 3015 tis,
163 2953 259 2997 unum
278 2930 401 2996 aditum
419 2932 527 3016 habet,
546 2953 640 3017 quem
658 2933 788 2997 barbari
807 2931 970 2997 obsident:
988 2934 1095 2996 cetera

88 3021 275 3106 neglegunt,
291 3021 400 3085 nullae
417 3021 550 3105 vigiliae
569 3024 657 3104 sunt,
675 3021 740 3085 nisi
758 3041 840 3104 quae
858 3023 965 3084 castra
982 3024 1095 3084 nostra

39 3105 42 3112 ’
88 3112 245 3192 spectant.
289 3108 465 3173 Invenietis
487 3108 587 3191 viam,
612 3108 641 3173 si
663 3109 812 3172 sollerter
834 3107 945 3172 rimati
966 3107 1093 3171 fueritis
1115 3119 1148 3169 10

89 3197 195 3261 aditus
222 3195 361 3262 ferentes
390 3196 430 3261 ad
458 3217 619 3261 cacumen.
668 3195 759 3261 Nihil
786 3200 856 3260 tam
885 3195 952 3259 alte
978 3197 1096 3259 natura

88 3285 271 3367 constituit,
303 3305 365 3368 quo
392 3284 496 3348 virtus
523 3305 588 3348 non
614 3283 718 3366 possit
745 3283 833 3347 eniti.
880 3282 1095 3366 Experiendo,

89 3392 171 3454 quae
187 3372 286 3436 ceteri
305 3370 555 3456 desperaverint,
573 3371 688 3436 Asiam
705 3371 862 3437 habemus
876 3370 910 3434 in
924 3373 1095 3453 potestate.

86 3459 225 3524 Evadite
243 3458 277 3523 in
295 3481 459 3525 cacumen:
478 3460 564 3544 quod
582 3481 655 3525 curn
674 3458 835 3544 ceperitis,
851 3458 1001 3522 candidis
1013 3457 1105 3547 uelis
1116 3469 1162 3510 xx

87 3548 215 3631 signum
243 3547 324 3612 mibi
353 3546 487 3638 dabitis,
520 3568 583 3639 ago
612 3547 720 3635 copiis
737 3546 900 3614 admotis
915 3544 1069 3606 bostem
1088 3553 1137 3590 w
