2422 3892
283 173 536 228 HISTORIARUM
554 172 769 226 ALEXANDBI
786 173 846 242 Vll,
864 179 890 225 4.
1031 175 1091 236 161

84 323 117 383 et
145 319 276 402 ingenio
304 321 337 382 ct
360 318 463 381 multo
486 338 575 381 mero
599 316 690 380 ferox
714 316 794 381 adeo
818 316 953 399 exarsit,
980 317 1093 382 utrix

85 409 124 471 ab
145 407 270 488 amicis,
290 427 352 489 quo
372 405 479 469 minus
498 405 658 470 occideret
676 426 758 486 eum,
775 441 812 450 -
829 426 905 468 nam
920 404 1094 469 strinxerat

84 516 211 579 quoque
234 495 397 559 acinacem
414 529 451 538 —
469 494 695 557 contineretur.
732 489 827 557 Certe
850 493 997 557 convivio
1021 515 1094 576 pro·

85 583 175 647 siluit
189 582 437 667 haudquaquam
452 584 566 665 potens
577 581 705 644 mentis.
724 577 866 645 Gobares
876 581 962 644 inter
975 582 1093 644 tumul-

84 676 153 735 tum
177 672 305 754 elapsus
329 671 370 734 ad
393 670 613 733 Alexandrum
637 669 823 752 transfugit.

39 765 72 828 11
171 777 234 822 vm
256 758 348 822 milia
370 757 619 822 Bactrianorum
645 757 788 821 habebat
811 760 936 821 armata
958 755 1093 822 Bessus:
1113 777 1146 824 1ο

84 869 174 930 quae,
194 847 345 931 quamdiu
363 851 495 929 propter
509 846 589 910 caeli
607 845 830 928 intemperiem
844 846 971 910 Indiam
984 846 1093 928 potius

83 934 278 1000 Macedonas
296 935 455 1016 petituros
475 934 689 1015 crediderant,
709 933 916 997 oboedienter
935 934 1094 1016 imperata

83 1024 240 1089 fecerunt:
273 1029 444 1106 postquam
468 1021 640 1086 adventare
662 1022 881 1084 Alexandrum
905 1027 1094 1105 conpertum

85 1115 149 1192 est,
171 1112 206 1173 in
224 1132 300 1174 suos
324 1112 457 1193 quisque
480 1110 567 1173 vicos
590 1109 708 1192 dilapsi
725 1108 863 1173 Bessum
884 1109 1093 1192 reliquerunt.

84 1199 146 1262 Ille
170 1219 241 1262 cum
265 1197 431 1262 clientium
455 1219 564 1277 manu,
592 1197 646 1281 qui
674 1218 739 1260 non
762 1201 968 1261 mutaverant
990 1199 1094 1279 fidem,
1113 1219 1145 1266 al

85 1285 154 1350 Oxo
176 1307 270 1351 amne
292 1287 444 1367 superato
468 1285 653 1369 exustisque
676 1285 828 1370 navigiis,
852 1286 967 1367 quibus
991 1288 1096 1348 traus-

84 1376 180 1456 ierat,
216 1395 257 1438 ne
296 1373 412 1438 iisdem
449 1373 553 1437 hostis
590 1375 747 1452 uteretur,
783 1394 884 1437 noras
918 1372 1028 1455 copias
1061 1374 1096 1436 in

85 1461 258 1547 Sogdianis
282 1461 502 1526 contrahebat.
583 1463 587 1469 ’

173 1549 355 1615 Alexander
369 1548 548 1616 Caucasum
566 1550 705 1634 quidem,
723 1553 760 1612 ut
779 1571 876 1632 supra
895 1550 1018 1613 dictum
1037 1553 1094 1626 est,
1113 1570 1146 1620 11

84 1639 273 1720 transierat,
310 1638 366 1702 sed
403 1639 514 1721 inopia
550 1637 703 1703 frumenti
737 1639 890 1721 [quoque]
923 1659 1022 1720 prope
1055 1637 1095 1700 ad

85 1727 204 1789 famem
226 1729 358 1789 ventum
381 1730 459 1789 erat.
504 1722 587 1789 Suco
616 1747 654 1788 ex
679 1746 804 1789 sesama
828 1746 980 1807 expresso
1007 1725 1147 1803 baudra

86 1835 178 1877 secus
201 1834 298 1896 quam
321 1813 392 1876 oleo
416 1815 504 1876 artus
527 1814 782 1896 perunguebant.
823 1810 885 1876 Sed
907 1811 1003 1876 huius
1027 1813 1096 1876 ruci

87 1901 216 1965 ducenis
237 1901 451 1984 quadragenis
467 1900 605 1963 denariis
620 1900 795 1983 amphorae
814 1899 970 1983 singulae,
988 1901 1095 1964 mellis

86 1989 227 2053 denariis
249 1988 386 2052 trecenis
409 1988 602 2073 nonagenis,
624 1989 763 2053 trecenis
789 1987 856 2052 vini
879 1988 1096 2052 aestimaban-

86 2083 153 2142 tur:
185 2077 285 2140 tritici
306 2077 389 2142 nihil
413 2081 469 2141 aut
493 2077 665 2141 admodum
688 2077 841 2161 exiguum
865 2078 1095 2159 reperiebatur.

87 2163 176 2230 Siros
212 2166 374 2229 vocabant
409 2165 540 2229 barbari
575 2166 702 2248 scrobes,
742 2186 822 2249 quos
863 2165 911 2228 ita
947 2166 1096 2229 sollerter
1114 2186 1149 2234 14

87 2252 300 2337 abscondunt,
337 2257 387 2336 ut,
423 2254 486 2317 nisi
524 2253 579 2336 qui
611 2253 814 2335 defoderunt,
850 2253 993 2316 invenire
1029 2275 1096 2317 non

85 2342 228 2425 possint:
263 2342 298 2405 in
327 2340 380 2406 his
412 2341 560 2406 conditae
591 2341 700 2427 fruges
734 2343 834 2406 crant.
886 2338 926 2403 In
959 2361 1095 2423 quarum

85 2431 218 2513 penuria
236 2430 356 2494 milites
375 2429 526 2493 fluviatili
549 2429 637 2512 pisce
659 2433 691 2493 11
712 2428 823 2492 herbis
846 2428 1096 2491 sustinebantur.

84 2518 218 2601 lamque
240 2518 321 2583 haec
348 2519 420 2601 ipsa
443 2519 599 2580 alimenta
621 2517 817 2597 defecerant,
847 2536 918 2579 curn
941 2516 1095 2598 iumenta,
1114 2530 1157 2583 15·

85 2608 202 2689 quibus
235 2627 333 2670 onera
364 2607 552 2688 portabant,
584 2605 715 2669 caedere
747 2603 828 2665 iussi
859 2604 948 2665 sunt:
978 2602 1096 2666 horum

87 2713 197 2774 carne,
225 2691 301 2756 dum
328 2693 362 2755 in
383 2690 576 2756 Bactrianos
599 2692 790 2773 perventum
814 2694 870 2771 esf,
897 2693 1023 2754 traxere
1050 2692 1096 2754 11-

39 2785 76 2849 18
88 2785 165 2842 tam.
204 2778 396 2842 Bactrianae
418 2781 522 2842 terrae
542 2778 713 2861 multiplex
735 2782 768 2842 et
790 2777 880 2841 varia
901 2781 1017 2842 natura
1036 2784 1094 2844 est.
1113 2800 1147 2848 ao

87 2867 177 2931 Alibi
195 2867 298 2929 multa
316 2866 413 2930 arbor
430 2871 463 2930 11
481 2866 558 2929 11111
579 2867 689 2950 largos
708 2866 866 2950 mitesque
884 2865 1006 2931 fructus
1026 2867 1095 2930 alit.

88 2955 200 3021 Solum
222 2955 341 3038 pingue
364 2955 468 3018 crebri
490 2954 596 3018 fontes
615 2955 738 3038 rigant:
761 2976 841 3039 quae
860 2955 992 3018 mitiora
1011 2958 1095 3038 sunt,

86 3045 249 3109 frumento
274 3046 496 3125 conseruntur,
525 3047 630 3107 cetera
659 3047 877 3106 armentorum
904 3043 1022 3124 pabulo
1048 3065 1096 3106 cc-

88 3133 175 3197 dunt.
212 3129 364 3215 Magnam
389 3131 502 3194 deinde
525 3136 650 3213 partem
674 3132 816 3195 eiusdem
839 3137 944 3194 terrae
968 3131 1149 3200 1111111111

86 3219 226 3284 harenae
245 3223 371 3283 tenent:
395 3218 543 3303 squalida
562 3219 708 3284 siccitate
726 3220 817 3303 regio
835 3239 901 3281 non
920 3217 1095 3302 hominem,

44 3328 46 3338 ·
86 3328 152 3371 non
184 3307 311 3391 frugem
340 3308 406 3371 alit.
456 3303 536 3371 Cum
564 3328 640 3371 vero
671 3307 759 3370 venti
792 3328 811 3370 a
842 3305 981 3371 Pontico
1014 3309 1096 3372 mari

88 3396 227 3477 spirant,
255 3396 409 3478 quidquid
433 3395 540 3459 sabuli
562 3396 596 3459 in
619 3395 740 3478 campis
763 3395 860 3478 iacet,
889 3400 1096 3458 converrunt:

88 3483 172 3566 quud
199 3483 255 3548 ubi
284 3484 483 3547 cumulatum
513 3487 576 3566 est,
606 3504 797 3568 magnorum
824 3482 962 3546 collium
984 3483 1110 3560 procui

87 3572 209 3654 species
224 3575 274 3635 111
289 3572 460 3659 omniaque
478 3571 614 3657 pristini
629 3572 765 3639 itineris
775 3569 932 3650 castiga
942 3562 1137 3624 musaeum.

130 3683 224 3724 curtim
237 3683 319 3726 Rufus.
944 3668 987 3713 u
