2422 3892
147 161 188 225 78
518 159 550 224 Q.
569 159 679 214 CURTI
695 157 783 212 RUFI

95 326 126 377 lo
145 304 376 390 vestigantium
408 305 495 368 sitim
526 303 662 367 falleret
705 301 735 366 Ε
762 301 916 385 proximis
943 321 1019 365 vero
1046 301 1161 367 itineri

144 394 223 458 vicis
246 393 387 458 ululatus
410 413 524 456 senum
541 391 796 474 feminarumque
814 388 1067 454 exaudiebantur
1087 390 1160 455 bar·

145 482 223 546 baro
246 481 311 544 ritu
333 479 475 544 Dareum
499 479 603 544 adhuc
625 498 735 563 regem
757 477 971 543 clamantium

94 592 126 641 16
233 568 430 645 Alexander,
452 571 489 632 ut
511 589 608 651 supra
630 566 750 631 dictum
772 569 835 650 est,
860 564 999 629 inhibito
1022 565 1198 631 suorumdl

145 658 268 741 impetu
291 656 332 720 ad
354 655 475 739 Lycum
498 677 625 719 amnem
644 658 842 738 pervenerat,
863 653 922 719 ubi
937 652 1057 737 ingens
1076 655 1159 719 mul·

145 744 250 809 titudo
272 743 466 828 fugientium
489 746 680 808 oneraverat
700 745 832 826 pontem
855 744 889 805 et
904 740 1060 825 plerique,
1083 763 1157 807 curn

144 831 248 895 hostis
271 835 409 917 urgeret
430 832 466 896 in
483 831 602 895 flumen
620 852 654 896 se
671 830 959 915 praecipitaverant
975 848 1156 915 gravesque

146 920 244 983 armis
271 923 305 983 et
328 919 450 1003 proelio
474 942 511 985 ao
533 920 611 1005 fuga
632 918 801 1003 defatigati
822 917 1005 1002 gurgitibus
1026 916 1155 983 hauris

95 1027 127 1077 1⁷
146 1007 273 1071 bantur.
322 1007 456 1092 Iamque
486 1029 553 1073 non
584 1028 666 1090 pons
697 1006 792 1071 modo
823 1006 997 1090 fugientes,
1029 1005 1089 1071 sed
1116 1026 1156 1071 ne

147 1095 251 1160 amnis
273 1096 402 1180 quidem
425 1096 574 1179 capiebat
595 1096 726 1179 agmina
748 1115 807 1159 sua
828 1092 995 1177 inprovide
1018 1092 1155 1158 subinde

147 1184 353 1249 cumulantis:
376 1185 494 1269 quippe
512 1184 569 1249 ubi
587 1183 720 1247 intravit
736 1183 861 1246 animos
875 1202 985 1265 paror,
1002 1180 1037 1245 id
1050 1182 1163 1271 solum·

145 1274 306 1350 metuunt,
339 1273 424 1356 quod
455 1272 595 1355 primum
625 1270 798 1336 formidare
825 1271 1009 1353 coeperunt.
1059 1268 1154 1334 Alex·

94 1361 245 1429 leander
270 1360 469 1424 instantibus
496 1360 576 1442 suis,
606 1359 724 1443 inpune
747 1358 918 1423 abeuntem
935 1356 1064 1422 hostem
1086 1378 1154 1441 per

146 1447 289 1509 mitteret
318 1449 423 1529 sequi,
453 1445 582 1510 hebetia
607 1468 677 1509 esse
704 1447 769 1511 tela
795 1449 829 1510 et
852 1467 968 1509 manus
999 1443 1154 1530 fatigatas

145 1535 302 1616 tantoque
320 1553 414 1597 cursu
433 1554 567 1616 corpora
585 1533 741 1599 exhausta
758 1536 791 1597 et
807 1554 958 1617 praeceps
974 1533 1011 1596 in
1024 1537 1155 1599 noctem

95 1638 128 1688 ra
147 1619 209 1683 diei
222 1623 350 1704 tempus
368 1624 517 1685 causatus
535 1624 593 1686 est.
623 1619 670 1685 Rc
685 1643 760 1687 vera
779 1621 818 1686 de
835 1622 927 1686 laevo
940 1641 1051 1704 cornu,
1070 1620 1155 1707 quod

146 1707 250 1773 adhuc
276 1708 311 1772 in
339 1709 405 1773 acie
431 1713 516 1774 stare
539 1709 701 1792 credebat,
728 1710 883 1774 sollicitus
906 1708 1024 1773 reverti
1045 1709 1091 1773 ad
1112 1709 1155 1773 fe·

145 1796 278 1861 rendam
301 1818 394 1882 opem
417 1798 484 1862 suis
507 1798 630 1863 statuit
673 1797 806 1881 lamque
828 1798 922 1882 signa
943 1800 1155 1880 converterat,

146 1904 218 1948 cum
246 1887 368 1969 equites
396 1907 415 1949 a
442 1884 653 1950 Parmenione
680 1886 771 1949 missi
791 1885 879 1950 illius
902 1905 1029 1970 quoque
1051 1885 1155 1969 partis

93 1990 128 2039 ao
146 1972 312 2037 uictoriam
339 1973 501 2037 nuntiant
550 1971 613 2038 Sed
638 1974 763 2037 nullum
787 1973 850 2038 hoc
872 1972 922 2037 die
944 1971 1050 2037 maius
1073 1973 1155 2057 peri-

147 2059 254 2121 culum
272 2059 359 2142 adiit
382 2081 478 2145 quam
496 2060 572 2125 dum
591 2061 700 2145 copias
718 2060 841 2126 reducit
858 2061 893 2127 in
908 2063 1022 2125 castra
1054 2059 1156 2126 Pauci

147 2166 220 2208 eum
238 2150 271 2209 et
286 2146 480 2230 inconpositi
493 2149 708 2232 sequebantur
721 2153 854 2214 ovantes
867 2148 1011 2232 victoria,
1033 2148 1154 2234 quippe

147 2253 258 2298 omnes
284 2233 395 2299 hostes
423 2238 480 2299 aut
504 2236 540 2299 in
566 2236 677 2323 fugam
704 2237 821 2302 effusos
848 2236 961 2301 autin
982 2236 1051 2301 acie
1076 2237 1155 2301 oeci·

93 2320 232 2387 ordisse
268 2322 458 2388 credebant:
498 2345 571 2389 curn
604 2329 735 2409 repente
766 2346 805 2389 ex
838 2323 970 2390 adverso
1003 2325 1156 2408 apparuit

146 2430 262 2495 agmen
290 2411 445 2495 equiturn,
478 2413 533 2496 qui
554 2413 659 2497 primo
682 2412 848 2477 inhibuere
871 2434 1013 2496 cursum,
1041 2411 1157 2477 deinde

145 2497 357 2565 Macedonum
379 2500 540 2584 paucitate
563 2505 735 2584 conspecta
753 2504 877 2566 turmas
894 2501 930 2564 in
948 2499 1062 2566 obvios
1081 2521 1156 2566 con-

93 2604 127 2653 aa
146 2587 334 2654 citaverunt.
387 2587 473 2653 Ante
505 2589 600 2675 signa
631 2609 687 2652 rex
717 2589 787 2652 ibat
818 2588 1018 2654 dissimulato
1049 2589 1155 2672 magis

145 2677 287 2758 periculo
315 2698 411 2760 quam
439 2681 554 2761 spreto.
599 2675 668 2741 Nec
689 2676 791 2741 defuit
813 2677 842 2741 ei
864 2679 1018 2761 perpetua
1039 2675 1078 2741 in
1100 2676 1157 2741 du·

93 2779 126 2826 as
145 2762 208 2826 biis
230 2764 325 2829 rebus
348 2765 499 2830 felicitas:
526 2785 665 2848 namque
686 2763 884 2847 praefectum
906 2764 1068 2848 equitatus
1092 2764 1156 2829 avi·

147 2847 222 2912 dum
246 2852 429 2916 certaminis
452 2857 485 2916 et
511 2854 552 2918 ob
580 2854 612 2917 id
636 2854 744 2936 ipsum
765 2851 925 2917 incautius
946 2852 982 2916 in
1004 2871 1039 2916 se
1061 2873 1155 2916 ruen-

146 2938 212 2999 tem
234 2937 330 3001 hasta
350 2940 520 3024 transfixit,
543 2962 605 3025 quo
629 2963 667 3006 ex
690 2961 771 3025 equo
794 2941 885 3024 lapso
912 2939 1096 3024 proximum
1119 2961 1156 3005 aa

94 3042 128 3091 24
147 3022 220 3087 dein
251 3025 359 3108 pluras
391 3026 503 3091 eodem
531 3028 596 3093 telo
629 3028 780 3094 confodit.
828 3027 978 3093 luvasere
1004 3026 1156 3093 turbatos

146 3112 241 3176 amici
263 3134 401 3197 quoque:
423 3134 482 3179 nec
505 3113 621 3180 Persae
643 3117 740 3181 inulti
762 3117 928 3200 cadebant,
950 3115 1070 3200 quippe
1087 3136 1157 3181 non

146 3200 313 3265 universae
336 3201 433 3286 acies,
456 3224 554 3287 quam
576 3203 637 3268 hae
658 3204 887 3270 tumultuariae
909 3225 1038 3284 manus,
1060 3203 1156 3269 rehe-

93 3307 127 3356 ao
145 3289 284 3355 mentius
311 3288 410 3355 iniere
437 3294 607 3357 certamen.
652 3291 795 3357 Tandem
823 3293 965 3375 barbari,
997 3312 1072 3357 cum
1100 3295 1156 3357 ob·

147 3398 240 3442 scura
273 3377 342 3444 luce
373 3379 475 3445 tutior
504 3379 583 3466 fuga
613 3380 774 3447 videretur
805 3403 875 3447 esse
907 3401 1004 3466 quam
1034 3400 1157 3466 pugna,

143 3464 296 3549 dispersis
315 3468 499 3553 agminibus
518 3468 633 3534 abiere.
664 3468 733 3534 Rex
747 3469 998 3535 extraordinario
1011 3468 1157 3553 periculo

125 3552 304 3624 defunctus
326 3558 507 3627 incolumis
531 3582 610 3628 suos
630 3557 763 3624 reduxit
781 3558 821 3620 'm
841 3559 957 3621 castra

105 3816 142 3846 A
218 3836 225 3845 .
