2422 3892
144 138 209 202 258
304 168 306 172 ·
517 138 548 204 Q.
568 138 679 193 CURTI
696 137 783 194 RUFI

144 306 321 369 numquam
346 283 430 348 enim
454 283 535 347 talia
553 304 702 368 ausurae,
727 283 782 366 qui
800 282 906 366 ipsum
927 306 965 349 ex
988 283 1083 348 India
1107 308 1156 351 so·

145 373 262 456 spitem
290 375 347 436 aut
380 374 548 454 optassent
580 369 699 436 reverti
729 375 786 435 aut
813 371 1023 437 credidissem
1049 396 1157 438 rever-

109 471 125 519 8
146 482 264 524 surum.
299 459 407 545 Igitur
429 460 488 524 hos
511 460 639 543 quidem
662 459 779 542 vinxit,
804 476 851 524 Dc
876 463 982 525 autem
1005 459 1158 547 militum,

144 549 199 633 qui
221 548 377 614 saevitiae
406 569 513 612 eorum
544 547 686 613 ministri
712 549 853 631 fuerant,
885 549 1024 613 interfici
1051 550 1158 615 iussit.

110 637 267 703 oEodenr
299 636 349 700 die
382 640 546 718 sumptum
579 641 629 699 est
661 636 853 719 supplicium
884 635 921 700 de
948 637 989 701 iis
1020 660 1158 724 quoquc,

145 747 225 810 quos
246 730 393 789 auctores
412 724 601 788 defectionis
616 724 785 788 Persarum
801 722 953 797 Craterus
968 724 1155 791 adduxerat.

94 824 126 872 10
233 812 327 877 Haud
357 813 461 876 multo
486 817 563 894 post
585 810 753 877 Nearchus
777 815 810 876 et
833 811 1044 897 Onesicritus,
1073 817 1185 899 quos?

145 901 273 984 longius
297 901 331 964 in
353 898 516 965 Oceanum
542 901 715 983 procedere
737 901 888 984 iusserat,
916 903 1156 985 superveniunt.

94 999 124 1046 11
144 987 477 1053 Nuntiabantautem
501 988 657 1073 quaedam
680 987 805 1070 audita,
828 989 893 1053 alia
916 994 1083 1072 conperta:
1107 992 1157 1056 in·

144 1077 250 1141 sulam
279 1077 364 1142 ostio
394 1078 497 1141 amnis
526 1078 686 1142 obiectam
715 1098 792 1141 auro
820 1077 996 1158 abundare,
1025 1079 1154 1163 inopem

22 1221 26 1229 .
145 1187 301 1250 equorum
330 1186 413 1231 esse:
450 1166 597 1249 singulos
630 1187 684 1230 eos
713 1171 927 1248 conpererant
954 1167 995 1230 ab
1018 1167 1073 1250 iis,
1100 1169 1155 1251 qui

38 1316 41 1321 .
146 1277 184 1319 ex
207 1254 386 1319 continenti
409 1254 545 1318 traicere
569 1253 737 1337 auderent,
767 1253 903 1338 singulis
920 1249 1058 1329 ¹talentis
1082 1258 1155 1320 emi.

93 1353 124 1401 12
144 1342 280 1406 Plenum
304 1363 373 1407 esse
396 1343 565 1406 beluarum
588 1362 691 1407 mare:
726 1345 818 1406 aestu
842 1342 979 1406 secundo
1003 1364 1057 1407 eas
1077 1344 1155 1408 ferri

145 1451 336 1513 magnarum
359 1429 491 1493 narium
514 1449 649 1511 corpore
672 1431 859 1512 aequantes,
882 1424 1178 1513 1111111111111111-4

144 1513 289 1581 territas'
308 1517 398 1600 sequi
430 1516 574 1599 classem,
601 1538 674 1581 cum
701 1536 819 1600 magno
843 1518 989 1600 aequoris
1014 1520 1154 1602 strepitu

93 1618 124 1665 rc
145 1607 233 1669 velut
249 1604 407 1669 demersa
434 1604 566 1688 navigia
593 1604 718 1670 subisse
746 1625 854 1688 aquas.
894 1602 1011 1671 011111
1037 1607 1154 1672 incolis

144 1692 357 1776 crediderant,
387 1692 474 1757 inter
502 1714 609 1776 quaer
630 1688 764 1757 rubrum
791 1714 879 1757 mare
907 1715 972 1770 non
1000 1717 1019 1758 a
1047 1697 1153 1761 colore

93 1795 125 1841 11
145 1782 317 1865 undarum,
339 1785 377 1845 ut
398 1781 545 1868 plerique
568 1782 742 1866 crederent,
766 1782 820 1845 sed
845 1782 885 1846 ab
908 1781 1052 1866 Erythro
1076 1804 1153 1869 rege

145 1871 309 1955 appellari,
328 1891 398 1935 esse
416 1869 501 1935 haud
518 1871 630 1952 procul
645 1893 665 1934 a
679 1870 857 1936 continenti
875 1870 1016 1935 insulam
1035 1873 1152 1954 palmis

143 1957 366 2042 frequentibus
400 1958 558 2022 consitam
585 1963 618 2022 et
644 1958 677 2022 in
711 1956 816 2022 medio
844 1958 910 2021 fere
942 1981 1073 2024 nemore
1102 1983 1153 2026 co·

11 2127 14 2131 Α
143 2047 288 2110 lumnam
312 2044 465 2127 eminere,
486 2043 622 2126 Erythri
643 2047 730 2130 regis
754 2049 1006 2132 monumentum,
1030 2048 1151 2114 litteris

93 2146 124 2194 ro
145 2133 251 2218 gentis
274 2131 342 2196 eius
366 2131 529 2214 scriptam.
575 2131 769 2197 Adiciebant
791 2133 936 2217 navigia,
964 2152 1044 2220 quae
1068 2137 1152 2202 lixas

144 2225 400 2305 mercatoresque
427 2220 609 2303 rexissent,
640 2220 761 2285 famam
794 2222 862 2286 auri
891 2225 1010 2288 secutis
1039 2226 1153 2308 guber·

144 2309 312 2376 natoribus
331 2309 366 2374 in
383 2309 522 2374 insulam
541 2329 611 2374 csse
629 2309 821 2374 transmissa
840 2332 900 2375 nec
918 2311 1031 2376 deinde
1050 2314 1091 2377 ab
1111 2314 1152 2378 iis

94 2413 125 2460 rc
145 2403 259 2485 postea
277 2399 355 2465 visa.
378 2397 460 2464 *Rex
482 2396 697 2482 cognoscendi
720 2397 812 2479 plura
831 2398 979 2480 cupidine
998 2420 1152 2467 accensus

144 2511 255 2553 rursus
279 2509 334 2553 eos
352 2491 474 2552 terram
491 2486 599 2568 legere
617 2485 720 2566 iubet,
744 2483 844 2548 donec
863 2485 903 2548 ad
920 2483 1098 2568 Euphratis
1119 2512 1152 2557 os

145 2577 343 2661 adpellerent
360 2575 507 2657 classem,
525 2573 598 2637 inde
617 2571 750 2637 adverso
770 2595 864 2638 amne
877 2571 1047 2656 Babylona
1065 2579 1151 2643 subi·

93 2679 124 2727 11
144 2671 242 2730 turos.
280 2663 355 2748 Ipse
379 2663 487 2727 animo
509 2660 640 2725 infinita
660 2660 836 2745 conplexus
860 2665 1033 2748 statuerat,
1062 2667 1181 2732 omni3

144 2753 183 2817 ad
216 2753 372 2817 orientem
404 2749 568 2814 maritima
599 2749 745 2835 regione
762 2750 956 2837 perdomita,
988 2774 1026 2817 ex
1059 2749 1151 2836 Syria

142 2845 252 2924 petere
280 2839 438 2922 Africam,
467 2836 660 2923 Carthagini
687 2838 844 2923 infensus,
876 2841 949 2905 inde
979 2839 1151 2907 Numidiae
1208 2852 1210 2857 ’

143 2927 372 2992 solitudinibus
395 2927 578 3011 peragratis
601 2921 729 2991 cursum
755 2926 852 2992 Gadis
873 2928 1024 3014 dirigere,
1046 2967 1082 2977 -
1104 2931 1150 2995 ibi

143 3037 280 3100 namque
304 3015 472 3081 columnas
499 3015 647 3080 Herculis
676 3037 746 3080 esse
771 3016 858 3081 fama
880 3018 1083 3104 vulgaverat,
1110 3055 1147 3066 -

93 3116 124 3165 18
143 3104 319 3190 Hispanias
351 3103 478 3188 deinde,
515 3126 595 3188 quas
628 3104 795 3169 Hiberiam
828 3103 943 3170 Graeci
973 3129 992 3171 a
1019 3107 1150 3173 flumine

143 3194 266 3259 Hibero
294 3194 463 3277 vocabant,
494 3193 582 3257 adire
609 3197 643 3257 et
669 3194 871 3278 praetervehi
897 3194 997 3278 Alpes
1021 3195 1150 3261 Italiae·

92 3295 204 3366 reque
233 3305 335 3367 oram,
365 3283 448 3347 unde
477 3281 511 3347 in
542 3280 680 3366 Epirum
707 3282 814 3347 brevis
842 3303 952 3347 cursus
982 3288 1039 3348 est.
1084 3283 1150 3369 Igi-

138 3376 195 3436 tur
219 3370 477 3457 Mesopotamiae
505 3370 708 3456 praetoribus
737 3370 921 3454 imperavit,
953 3373 1091 3436 materia
1118 3373 1151 3438 in

120 3459 255 3528 Libano
294 3465 412 3531 monte
451 3484 549 3530 caesa
586 3459 781 3543 derectaque
815 3457 858 3522 ad
889 3459 1006 3522 urbem
1038 3458 1151 3541 Syriae

112 3550 334 3638 Thapsacum
378 3555 678 3644 septingentarum
712 3549 843 3615 carinas
867 3545 1009 3632 parium
1033 3565 1170 3622 quaere:
