2422 3892
119 112 183 176 156
495 110 526 176 Q.
546 108 656 164 ocari
673 109 759 164 RUFI

117 256 260 339 Dilapsis
287 255 434 338 pluribus
461 254 557 336 pauci
583 257 818 337 remanserunt,
847 253 916 337 qui,
943 253 1068 318 saltem
1096 259 1139 320 ut

65 357 99 405 32
119 366 233 428 corpus
251 344 381 426 ipsi[u]s
401 342 538 424 sepelire
553 342 784 425 permitterent,
802 341 1024 423 precabantur.
1064 341 1138 408 Diu

117 433 152 498 id
178 435 333 516 negatum
360 433 411 494 est
433 427 583 495 Cleandri
611 432 711 513 metu,
738 449 779 492 ne
808 428 983 494 offenderet
1005 449 1137 514 regem.

118 520 318 585 Pertinacius
339 518 453 582 deinde
472 518 679 600 precantibus
700 515 868 581 materiem
889 519 1137 586 consternatio-

118 610 169 673 nis
193 605 444 672 subtrahendam
464 608 555 670 ratus
574 604 680 692 capite
698 604 804 670 deciso
823 608 971 669 truncum
989 605 1137 673 humare

66 710 99 757 33
118 696 279 780 permisit:
303 694 343 759 ad
365 713 476 776 regem
499 696 596 776 caput
618 693 752 757 missum
775 695 832 757 est

206 783 270 847 Hic
288 783 391 847 exitus
405 781 627 846 Parmenionis
643 781 714 865 fuit,
732 781 866 845 militiae
880 781 1030 865 domique
1046 784 1136 849 clari

118 872 188 937 viri.
237 869 344 937 Multa
370 871 438 934 sine
465 889 541 954 rege
570 890 736 953 prospere,
767 890 824 932 rex
856 869 925 934 sine
956 869 1013 933 illo
1042 870 1135 936 nihil

119 979 256 1043 magnae
284 959 332 1022 rei
358 961 512 1043 gesserat.
561 956 761 1022 Felicissimo
788 957 859 1042 regi
887 959 919 1020 et
948 957 1059 1022 omnia
1089 961 1136 1024 ad

118 1048 268 1112 fortunae
295 1067 372 1110 suae
399 1047 542 1131 exigenti
570 1045 700 1109 modum
723 1045 889 1109 satisfecit.
933 1062 1006 1110 Lxx
1027 1051 1136 1113 natus

120 1157 222 1200 annos
244 1139 281 1200 ut
300 1135 425 1200 iuvenis
448 1134 537 1199 ducis
557 1137 589 1198 et
607 1155 702 1216 saepe
726 1133 824 1197 etiam
847 1134 987 1218 gregarii
1008 1135 1135 1202 militis

119 1224 229 1288 munia
257 1224 409 1306 explevit:
441 1243 514 1287 acer
542 1221 692 1304 consilio,
719 1243 816 1285 manu
839 1225 1002 1305 strenuus,
1030 1243 1135 1289 carus

65 1325 100 1372 34
118 1311 329 1396 principibus,
350 1310 448 1394 vulgo
471 1310 612 1374 militum
633 1310 803 1393 acceptior.
843 1307 933 1374 Haec
949 1308 1137 1392 inpulerint

117 1400 211 1463 illum
225 1399 266 1462 ad
280 1398 373 1481 regni
387 1397 597 1480 cupiditatem
609 1418 650 1461 an
659 1399 788 1460 tantum
799 1400 982 1480 suspectum
992 1397 1137 1465 fecerint

120 1486 243 1571 ambigi
262 1488 380 1567 potest,
403 1484 479 1568 quia
497 1483 644 1548 Philotas
663 1484 785 1548 ultimis
809 1485 1002 1550 cruciatibus
1021 1486 1135 1554 victus

118 1594 234 1638 verane
262 1570 391 1655 dixerit,
418 1592 499 1656 quae
526 1571 614 1637 facta
641 1572 772 1655 probari
798 1593 864 1636 non
890 1577 1057 1658 poterant,
1088 1599 1136 1642 an

118 1661 210 1726 falsis
233 1663 468 1724 tormentorum
495 1661 627 1743 petierit
652 1661 763 1743 finem,
788 1682 824 1725 re
846 1681 973 1745 quoque
995 1665 1135 1748 recenti,

122 1771 194 1814 cum
212 1749 317 1832 magis
335 1751 447 1831 posset
468 1748 604 1832 liquere,
627 1748 810 1813 dubitatum
834 1752 891 1812 eat.

65 1850 99 1899 :5
206 1837 398 1920 Alexander,
422 1858 502 1920 quos
525 1837 625 1901 libere
648 1840 785 1901 mortem
804 1835 1027 1903 Parmenionis
1051 1861 1133 1905 con·
1149 1847 1174 1908 lt

119 1929 250 2009 questos
273 1946 343 1989 esse
366 1928 567 2006 conpererat,
592 1924 787 2006 separandos
811 1946 831 1988 a
853 1929 958 1989 cetero
983 1928 1131 1995 exercitu

120 2017 210 2076 ratus
232 2013 267 2074 in
288 2033 386 2075 unam
409 2010 574 2075 cohortem
596 2011 732 2076 secrevit
750 2012 924 2096 ducemque
942 2013 993 2077 his
1011 2012 1135 2082 Leoni·

119 2099 194 2162 dam
217 2097 317 2181 dedit,
347 2103 380 2162 et
401 2097 734 2180 ipsumParmenioni
757 2100 918 2184 quondam
940 2101 1057 2166 intima
1083 2105 1133 2170 fa·

66 2201 100 2248 sc
120 2185 309 2250 miliaritate
332 2186 546 2251 coniunctum.
590 2186 670 2251 Fere
692 2187 791 2251 iidem
814 2193 919 2271 erant,
942 2210 1023 2273 quos
1047 2191 1133 2257 alio-

120 2275 199 2358 quin
219 2295 276 2338 rex
302 2273 461 2338 habuerat
487 2274 619 2340 inuisos.
663 2273 750 2340 Nam
772 2296 845 2339 cum
867 2277 1006 2360 experiri
1029 2279 1134 2346 vellet

119 2363 258 2426 militum
277 2362 410 2446 animos,
434 2363 608 2443 admonuit,
632 2363 687 2447 qui
705 2362 833 2427 litteras
850 2364 885 2428 in
903 2362 1132 2434 Macedoniam

117 2451 159 2516 ad
181 2473 257 2516 suos
280 2450 472 2535 scripsisset,
494 2451 545 2531 iis,
568 2472 649 2535 quos
671 2451 742 2534 ipse
764 2451 929 2535 mittebat,
951 2452 1131 2535 perlaturis

118 2560 190 2604 cum
203 2540 265 2604 fide
283 2539 433 2605 traderet.
465 2536 662 2622 Simpliciter
676 2538 716 2602 ad
733 2541 932 2604 necessarios
947 2562 1021 2605 suos
1041 2544 1132 2625 quis·

120 2649 181 2711 que
199 2628 382 2711 scripserat,
400 2648 482 2712 quae
500 2626 673 2692 sentiebat:
696 2627 770 2690 aliis
788 2628 896 2710 gravis
915 2631 994 2712 erat,
1011 2631 1130 2711 pleris-

66 2727 99 2775 37
120 2737 181 2799 que
202 2737 269 2780 non
290 2716 420 2798 ingrata
443 2716 571 2780 militia.
615 2714 666 2779 Ita
692 2718 724 2778 et
746 2715 909 2798 agentium
932 2717 1054 2800 gratias
1079 2719 1131 2799 [et

120 2804 333 2884 querentium]
354 2802 482 2867 litterae
502 2806 651 2886 exceptae
670 2805 746 2867 sunt
764 2806 797 2868 et
815 2804 870 2887 qui
883 2803 968 2868 forte
981 2805 1130 2871 taedium

118 2890 240 2953 laboris
255 2911 312 2972 per
325 2889 451 2954 litteras
466 2893 558 2954 erant
573 2890 687 2974 questi.
709 2889 803 2955 Hanc
817 2913 944 2955 seorsus
959 2892 1131 2960 cohortem

120 2978 276 3041 aceteris
304 2976 434 3040 tendere
461 2976 659 3060 ignominiae
682 3000 780 3043 causa
802 2979 906 3062 iubet,
934 2979 1132 3048 fortitudine

121 3087 234 3130 usurus
252 3064 287 3129 in
304 3064 399 3149 bello,
421 3064 608 3130 libertatem
630 3067 758 3151 linguae
776 3067 817 3130 ab
837 3067 968 3132 auribus
987 3068 1130 3135 credulis

118 3157 310 3219 remoturus.
332 3151 378 3217 Elt
392 3152 570 3237 consilium,
584 3155 790 3218 temerarium
803 3153 943 3220 forsitan
953 3157 1132 3240 —quippe

119 3239 289 3305 fortissimi
303 3241 434 3306 iuvenes
454 3241 648 3306 contumelia
665 3241 793 3306 inritati
807 3246 901 3307 erant
910 3278 951 3289 —
962 3243 1046 3308 sicut
1059 3266 1131 3310 om·

119 3329 173 3392 nia
192 3328 258 3393 alia
271 3327 410 3393 felicitas
424 3329 513 3413 regis
528 3329 666 3411 excepit:
685 3328 768 3392 nihil
782 3327 850 3392 illis
866 3329 1006 3418 adtbella
1019 3353 1131 3414 prom-

67 3425 101 3476 38
120 3416 208 3500 ptius
222 3415 292 3480 fuit
332 3414 496 3481 Incitabat
514 3416 666 3481 virtutem
686 3419 718 3480 et
736 3416 932 3498 ignominiae
952 3419 1132 3486 demendae

115 3503 235 3588 cupido
249 3506 284 3569 et
297 3504 373 3591 quia
385 3503 485 3571 fortia
497 3505 586 3571 facta
598 3504 634 3569 in
647 3504 759 3588 paucis
772 3504 874 3568 latere
886 3527 955 3570 non
967 3510 1133 3588 poterant.
