2422 3892
243 156 496 212 HISTORIARUM
513 157 727 214 ALEXANDRI
745 157 820 226 VIII,
841 164 863 211 1.
883 163 900 212 2
1020 157 1083 222 189

511 353 589 418 Osa
612 351 653 418 Π.

42 477 64 540 6
167 474 252 540 Male
288 475 436 541 humanis
473 477 609 561 ingeniis
642 480 759 543 natura
789 476 964 557 consuluit,
1001 474 1119 558 quedl

78 565 267 647 plerumque
302 586 367 630 non
398 564 521 648 futura,
557 564 614 628 sed
650 567 814 630 transacta
849 562 1086 648 perpendimus.

80 651 203 735 Quippe
235 673 303 735 rex,
334 655 510 737 postquam
541 652 591 716 ira
621 657 729 717 mente
761 652 954 736 decesserat,
986 651 1085 716 etiam

79 739 235 804 ebrietate
262 740 405 805 discussa
432 739 687 824 magnitudinem
713 739 866 806 facinoris
895 761 967 805 sera
991 739 1085 804 aesti-

79 828 221 893 matione
242 830 416 912 perspexit.
462 827 615 910 Videbat,
642 831 718 893 tunc
740 829 912 894 immodica
933 828 1120 892 libertates

79 917 228 999 abusum,
258 917 314 981 sed
346 915 467 999 alioqui
499 916 667 1000 egregium
697 915 784 980 bello
814 917 919 982 virum
947 919 993 999 et,
1022 915 1088 979 nisi

79 1004 283 1068 erubesceret
300 1002 405 1086 fateri,
424 1007 621 1068 servatorem
637 1003 687 1068 sui
701 1004 849 1068 occisum.
884 1003 1085 1068 Detestabile

80 1090 239 1154 camificis
267 1090 482 1155 ministerium
510 1095 722 1172 occupaverat
747 1113 818 1175 rex,
849 1092 1020 1156 verborum
1047 1090 1085 1154 li-

81 1177 233 1261 centiam,
263 1199 345 1262 quae
372 1178 449 1242 vino
477 1181 606 1260 poterat
631 1179 789 1261 inputari,
821 1178 961 1243 nefanda
989 1177 1085 1243 caede

80 1265 176 1328 ultus.
221 1264 379 1330 Manabat
401 1268 471 1330 toto
494 1266 655 1332 vestibulo
679 1286 773 1330 cruor
795 1267 891 1350 paulo
915 1268 989 1330 ante
1012 1281 1120 1329 eon-s

80 1353 185 1417 vivae:
217 1353 333 1437 vigiles
365 1354 496 1418 attoniti
530 1356 563 1417 et
590 1354 795 1438 stupentibus
823 1353 945 1418 similes
973 1353 1086 1436 procul

80 1441 212 1505 stabant
238 1441 485 1525 liberioremque
513 1441 746 1526 paenitentiam
769 1441 909 1506 solitudo
933 1441 1085 1507 exciebat.

79 1528 168 1613 Ergo
206 1529 336 1594 hastam
373 1551 412 1595 ex
444 1550 578 1612 corpore
612 1530 747 1595 iacentis
779 1531 923 1595 evolsam
954 1529 1122 1593 retorsit4

80 1618 115 1679 in
142 1620 256 1680 semet:
288 1619 416 1701 iamque
445 1616 631 1682 admoverat
661 1618 798 1701 pectori,
830 1639 902 1682 eum
933 1616 1087 1682 advolant

81 1704 195 1787 vigiles
214 1708 248 1768 et
265 1704 459 1788 repugnanti
477 1725 494 1767 e
513 1705 662 1768 manibus
682 1708 875 1788 extorquent
888 1705 1086 1769 adlevatum-

81 1812 142 1874 que
161 1791 196 1854 in
215 1790 461 1855 tabernaculum
479 1790 634 1856 deferunt.
674 1791 736 1856 Ille
759 1792 849 1856 humi
867 1794 1087 1875 prostraverat
1104 1807 1121 1854 o

81 1899 197 1962 corpus
225 1878 349 1963 gemitu
377 1879 561 1962 eiulatuque
584 1878 760 1943 miserabili
782 1882 887 1944 totam
910 1900 1086 1963 personans

81 1967 215 2049 regiam.
250 1965 388 2031 Laniare
409 1965 523 2030 deinde
546 1988 584 2031 os
606 1966 767 2051 unguibus
791 1970 824 2032 et
841 1967 1086 2031 circumstantes

81 2072 210 2137 rogare,
234 2075 275 2118 ne
299 2077 333 2119 se
350 2057 443 2120 tanto
462 2053 610 2120 dedecori
629 2055 835 2138 superstitem
854 2076 923 2120 esse
965 2057 1087 2119 ateren-

81 2144 143 2206 tur.
184 2141 275 2206 Inter
293 2143 353 2208 hae
371 2163 481 2226 preces
499 2146 572 2209 tota
591 2164 654 2208 nox
673 2146 817 2208 extracta
834 2147 892 2208 est
938 2078 1086 2208 dorutan-
1105 2163 1122 2210 a

82 2232 221 2314 temque,
243 2251 321 2294 num
339 2231 389 2296 ira
411 2231 544 2297 deorum
567 2231 752 2296 adtentum
771 2230 863 2295 nefas
882 2234 973 2296 actus
993 2234 1087 2314 esset,

82 2318 170 2382 subit
192 2318 446 2384 anniversarium
465 2319 656 2385 sacrificium
673 2317 790 2384 Libero
814 2317 906 2382 Patri
927 2339 994 2382 non
1017 2338 1087 2381 esse

81 2405 243 2472 redditum
258 2409 380 2472 statuto
393 2410 552 2491 tempore:
575 2407 685 2491 itaque
699 2405 784 2470 inter
801 2406 914 2470 vinum
929 2407 962 2468 et
975 2404 1086 2488 epulas

81 2494 177 2559 caede
201 2495 375 2560 commissa
397 2495 480 2560 iram
499 2494 551 2559 dei
568 2493 668 2558 fuisse
686 2492 902 2593 manifestam
938 2489 1086 2592 (letarum
1106 2513 1122 2563 ι

81 2579 943 2749 ἓὲἓὲὶιθίιέἓῖἓζῗᾞὲἐέἷὶοῒὲῗῗριῗιωέἰῖἶὲἓ
962 2599 1088 2731 {tlt

81 2775 157 2819 nem
170 2759 286 2839 postea
299 2778 464 2820 ausurum:
483 2755 653 2820 vivendum
672 2775 742 2819 esse
759 2754 794 2818 in
813 2754 984 2819 solitudine
998 2755 1088 2820 velut

81 2841 168 2907 ferae
190 2842 313 2907 bestiae
336 2844 470 2908 terrenti
493 2843 574 2908 alias
597 2843 797 2926 timentique.
841 2842 952 2908 Prima
975 2842 1088 2906 deinde
1106 2865 1122 2915 8

82 2930 153 2996 luce
180 2927 388 2996 tabernaculo
417 2953 547 3015 corpus,
576 2931 660 2996 sicut
686 2930 790 2996 adhuc
817 2934 985 2996 cruentum
1008 2934 1088 3014 erat,

81 3019 177 3084 iussit
194 3018 317 3083 inferri.
359 3019 427 3096 Quo
446 3019 554 3102 posito
575 3023 650 3083 ante
667 3017 775 3103 ipsum
793 3018 936 3083 lacrimis
955 3018 1089 3098 obortis,

82 3104 208 3189 ‘Hanc'‚
241 3108 359 3192 inquit,
391 3105 521 3172 ‘nutrici
551 3128 641 3172 meae
670 3107 810 3192 gratiam
841 3106 966 3189 rettuli,
997 3105 1088 3171 cuius

82 3192 145 3259 duo
165 3194 225 3258 filii
244 3195 329 3278 apud
347 3194 495 3259 Miletum
514 3216 572 3279 pro
591 3216 664 3259 mea
682 3195 790 3278 gloria
808 3193 985 3259 occubuere
1003 3215 1088 3259 mor·

81 3283 162 3365 tem,
184 3281 238 3346 hie
256 3282 372 3368 frater,
394 3283 524 3348 unicum
543 3282 691 3348 orbitatis
710 3282 874 3366 solacium,
897 3303 986 3347 ame
1003 3282 1088 3346 inter

82 3369 192 3451 epulas
225 3369 348 3436 occisus
381 3374 440 3436 est
496 3370 565 3447 Quo
596 3392 682 3436 nunc
710 3392 745 3435 se
776 3370 921 3435 conferet
948 3369 1122 3441 miserate

81 3454 240 3521 Omnibus
273 3458 341 3524 eius
375 3481 458 3525 nnus
493 3480 676 3545 supersum,
711 3479 813 3544 quem
840 3458 958 3523 solum
984 3456 1108 3532 nespas

77 3545 181 3608 oeulis
199 3545 305 3612 ridere
324 3570 391 3615 non
412 3549 549 3637 poterit.
584 3549 634 3618 Et
653 3568 718 3636 ego
738 3549 960 3615 serratorum
971 3549 1139 3600 mamm
