<?xml version="1.0" encoding="UTF-8"?>
<!DOCTYPE html PUBLIC "-//W3C//DTD XHTML 1.0 Transitional//EN"
    "http://www.w3.org/TR/xhtml1/DTD/xhtml1-transitional.dtd">
<html xmlns="http://www.w3.org/1999/xhtml" xml:lang="en" lang="en">
 <head>
  <title>
</title>
<meta http-equiv="Content-Type" content="text/html;charset=utf-8" />
  <meta name='ocr-system' content='tesseract 3.04.00' />
  <meta name='ocr-capabilities' content='ocr_page ocr_carea ocr_par ocr_line ocrx_word'/>
</head>
<body>
  <div class='ocr_page' id='page_1' title='image "./historiarumalex00rufugoog_0167.png"; bbox 0 0 2422 3892; ppageno 0'>
   <div class='ocr_carea' id='block_1_1' title="bbox 135 163 765 232">
    <p class='ocr_par' dir='ltr' id='par_1_1' title="bbox 135 163 765 232">
     <span class='ocr_line' id='line_1_1' title="bbox 135 163 765 232; baseline -0.002 -11"><span class='ocrx_word' id='word_1_1' title='bbox 135 168 199 231; x_wconf 83' lang='lat'><strong>130</strong></span> <span class='ocrx_word' id='word_1_2' title='bbox 502 165 534 232; x_wconf 78' lang='lat' dir='ltr'><strong>Q.</strong></span> <span class='ocrx_word' id='word_1_3' title='bbox 554 163 661 222; x_wconf 71' lang='lat' dir='ltr'><strong>coam</strong></span> <span class='ocrx_word' id='word_1_4' title='bbox 680 166 765 222; x_wconf 84' lang='lat' dir='ltr'><strong>RUFI</strong></span> 
     </span>
    </p>
   </div>
   <div class='ocr_carea' id='block_1_2' title="bbox 45 309 1199 3211">
    <p class='ocr_par' dir='ltr' id='par_1_2' title="bbox 80 309 1147 662">
     <span class='ocr_line' id='line_1_2' title="bbox 80 309 1147 395; baseline -0.007 -14"><span class='ocrx_word' id='word_1_5' title='bbox 80 333 113 382; x_wconf 82' lang='grc'><strong>13</strong></span> <span class='ocrx_word' id='word_1_6' title='bbox 132 311 312 394; x_wconf 79' lang='lat' dir='ltr'>Praerupta</span> <span class='ocrx_word' id='word_1_7' title='bbox 334 332 430 395; x_wconf 93' lang='lat' dir='ltr'><strong>rupes</strong></span> <span class='ocrx_word' id='word_1_8' title='bbox 455 314 518 393; x_wconf 86' lang='lat' dir='ltr'><strong>est,</strong></span> <span class='ocrx_word' id='word_1_9' title='bbox 546 332 609 394; x_wconf 88' lang='lat' dir='ltr'><strong>qua</strong></span> <span class='ocrx_word' id='word_1_10' title='bbox 632 314 757 394; x_wconf 89' lang='lat' dir='ltr'><strong>spectat</strong></span> <span class='ocrx_word' id='word_1_11' title='bbox 781 310 993 376; x_wconf 74' lang='lat' dir='ltr'><strong>occidentemz</strong></span> <span class='ocrx_word' id='word_1_12' title='bbox 1021 309 1147 393; x_wconf 86' lang='lat' dir='ltr'><strong>eadem,</strong></span> 
     </span>
     <span class='ocr_line' id='line_1_3' title="bbox 133 398 1146 485; baseline -0.001 -20"><span class='ocrx_word' id='word_1_13' title='bbox 133 423 197 485; x_wconf 89' lang='lat' dir='ltr'><strong>qua</strong></span> <span class='ocrx_word' id='word_1_14' title='bbox 211 400 317 482; x_wconf 86' lang='lat' dir='ltr'><strong>vergit</strong></span> <span class='ocrx_word' id='word_1_15' title='bbox 331 399 372 463; x_wconf 87' lang='lat' dir='ltr'><strong>ad</strong></span> <span class='ocrx_word' id='word_1_16' title='bbox 387 399 553 482; x_wconf 72' lang='lat' dir='ltr'><strong>orientem,</strong></span> <span class='ocrx_word' id='word_1_17' title='bbox 570 398 692 462; x_wconf 91' lang='lat' dir='ltr'><strong>leniore</strong></span> <span class='ocrx_word' id='word_1_18' title='bbox 706 399 868 463; x_wconf 89' lang='lat' dir='ltr'><strong>submissa</strong></span> <span class='ocrx_word' id='word_1_19' title='bbox 882 398 1014 482; x_wconf 87' lang='lat' dir='ltr'><strong>fastigio</strong></span> <span class='ocrx_word' id='word_1_20' title='bbox 1030 399 1146 464; x_wconf 90' lang='lat' dir='ltr'><strong>multis</strong></span> 
     </span>
     <span class='ocr_line' id='line_1_4' title="bbox 134 486 1146 570; baseline -0.002 -16"><span class='ocrx_word' id='word_1_21' title='bbox 134 489 302 554; x_wconf 83' lang='lat' dir='ltr'><strong>arboribus</strong></span> <span class='ocrx_word' id='word_1_22' title='bbox 322 487 429 553; x_wconf 89' lang='lat' dir='ltr'><strong>obsita</strong></span> <span class='ocrx_word' id='word_1_23' title='bbox 470 508 619 550; x_wconf 91' lang='lat' dir='ltr'><strong>erennem</strong></span> <span class='ocrx_word' id='word_1_24' title='bbox 636 486 737 551; x_wconf 90' lang='lat' dir='ltr'><strong>habet</strong></span> <span class='ocrx_word' id='word_1_25' title='bbox 754 486 891 570; x_wconf 87' lang='lat' dir='ltr'><strong>fontem,</strong></span> <span class='ocrx_word' id='word_1_26' title='bbox 912 508 950 550; x_wconf 88' lang='lat' dir='ltr'><strong>ex</strong></span> <span class='ocrx_word' id='word_1_27' title='bbox 968 507 1031 570; x_wconf 94' lang='lat' dir='ltr'><strong>quo</strong></span> <span class='ocrx_word' id='word_1_28' title='bbox 1051 486 1146 570; x_wconf 89' lang='lat' dir='ltr'><strong>large</strong></span> 
     </span>
     <span class='ocr_line' id='line_1_5' title="bbox 134 509 1145 662; baseline -0.002 -20"><span class='ocrx_word' id='word_1_29' title='bbox 134 597 236 662; x_wconf 89' lang='lat' dir='ltr'><strong>aquae</strong></span> <span class='ocrx_word' id='word_1_30' title='bbox 259 578 400 641; x_wconf 89' lang='lat' dir='ltr'><strong>manant.</strong></span> <span class='ocrx_word' id='word_1_31' title='bbox 437 509 595 639; x_wconf 68' lang='lat' dir='ltr'><strong>(iirouitus</strong></span> <span class='ocrx_word' id='word_1_32' title='bbox 619 575 687 638; x_wconf 90' lang='lat' dir='ltr'><strong>eius</strong></span> <span class='ocrx_word' id='word_1_33' title='bbox 706 593 780 639; x_wconf 85' lang='lat' dir='ltr'><strong>xxx</strong></span> <span class='ocrx_word' id='word_1_34' title='bbox 799 579 831 638; x_wconf 93' lang='lat' dir='ltr'><strong>et</strong></span> <span class='ocrx_word' id='word_1_35' title='bbox 854 573 917 639; x_wconf 91' lang='lat' dir='ltr'><strong>duo</strong></span> <span class='ocrx_word' id='word_1_36' title='bbox 941 574 1047 639; x_wconf 89' lang='lat' dir='ltr'><strong>stadia</strong></span> <span class='ocrx_word' id='word_1_37' title='bbox 1070 596 1145 640; x_wconf 89' lang='lat' dir='ltr'><strong>oon·</strong></span> 
     </span>
    </p>

    <p class='ocr_par' dir='ltr' id='par_1_3' title="bbox 81 662 1145 835">
     <span class='ocr_line' id='line_1_6' title="bbox 81 662 1145 748; baseline -0.003 -16"><span class='ocrx_word' id='word_1_38' title='bbox 81 686 115 732; x_wconf 81' lang='grc'><strong>14</strong></span> <span class='ocrx_word' id='word_1_39' title='bbox 133 663 311 748; x_wconf 78' lang='lat' dir='ltr'><strong>prehendit.</strong></span> <span class='ocrx_word' id='word_1_40' title='bbox 347 662 386 727; x_wconf 80' lang='lat' dir='ltr'><strong>ln</strong></span> <span class='ocrx_word' id='word_1_41' title='bbox 408 662 528 728; x_wconf 84' lang='lat' dir='ltr'><strong>vertice</strong></span> <span class='ocrx_word' id='word_1_42' title='bbox 551 662 704 726; x_wconf 85' lang='lat' dir='ltr'><strong>herbidus</strong></span> <span class='ocrx_word' id='word_1_43' title='bbox 724 684 868 747; x_wconf 89' lang='lat' dir='ltr'><strong>campus:</strong></span> <span class='ocrx_word' id='word_1_44' title='bbox 892 663 927 727; x_wconf 91' lang='lat' dir='ltr'><strong>in</strong></span> <span class='ocrx_word' id='word_1_45' title='bbox 948 663 1010 727; x_wconf 92' lang='lat' dir='ltr'><strong>hoo</strong></span> <span class='ocrx_word' id='word_1_46' title='bbox 1034 665 1145 729; x_wconf 89' lang='lat' dir='ltr'><strong>multi·</strong></span> 
     </span>
     <span class='ocr_line' id='line_1_7' title="bbox 133 749 1145 835; baseline 0.001 -19"><span class='ocrx_word' id='word_1_47' title='bbox 133 753 279 817; x_wconf 75' lang='lat' dir='ltr'><strong>tudinem</strong></span> <span class='ocrx_word' id='word_1_48' title='bbox 307 751 459 816; x_wconf 82' lang='lat' dir='ltr'>inbellem</span> <span class='ocrx_word' id='word_1_49' title='bbox 487 749 650 815; x_wconf 88' lang='lat' dir='ltr'><strong>considere</strong></span> <span class='ocrx_word' id='word_1_50' title='bbox 679 751 800 815; x_wconf 90' lang='lat' dir='ltr'><strong>iubent.</strong></span> <span class='ocrx_word' id='word_1_51' title='bbox 845 751 927 834; x_wconf 90' lang='lat' dir='ltr'><strong>Ipsi,</strong></span> <span class='ocrx_word' id='word_1_52' title='bbox 955 772 1019 834; x_wconf 89' lang='lat' dir='ltr'><strong>qna</strong></span> <span class='ocrx_word' id='word_1_53' title='bbox 1045 773 1145 835; x_wconf 90' lang='lat' dir='ltr'><strong>rupes</strong></span> 
     </span>
    </p>

    <p class='ocr_par' dir='ltr' id='par_1_4' title="bbox 81 839 1199 1188">
     <span class='ocr_line' id='line_1_8' title="bbox 81 839 1145 923; baseline -0.002 -16"><span class='ocrx_word' id='word_1_54' title='bbox 81 860 115 908; x_wconf 83' lang='lat' dir='ltr'><strong>as</strong></span> <span class='ocrx_word' id='word_1_55' title='bbox 134 841 252 923; x_wconf 87' lang='lat' dir='ltr'><strong>deerat,</strong></span> <span class='ocrx_word' id='word_1_56' title='bbox 266 840 418 903; x_wconf 90' lang='lat' dir='ltr'><strong>arborum</strong></span> <span class='ocrx_word' id='word_1_57' title='bbox 431 842 563 903; x_wconf 84' lang='lat' dir='ltr'><strong>truncos</strong></span> <span class='ocrx_word' id='word_1_58' title='bbox 579 843 612 903; x_wconf 89' lang='lat' dir='ltr'><strong>et</strong></span> <span class='ocrx_word' id='word_1_59' title='bbox 626 860 704 903; x_wconf 88' lang='lat' dir='ltr'><strong>saxa</strong></span> <span class='ocrx_word' id='word_1_60' title='bbox 718 839 946 904; x_wconf 90' lang='lat' dir='ltr'><strong>obmoliuntur.</strong></span> <span class='ocrx_word' id='word_1_61' title='bbox 971 857 1036 903; x_wconf 91' lang='lat' dir='ltr'>x111</span> <span class='ocrx_word' id='word_1_62' title='bbox 1051 841 1145 905; x_wconf 91' lang='lat' dir='ltr'><strong>milia</strong></span> 
     </span>
     <span class='ocr_line' id='line_1_9' title="bbox 135 925 1145 1011; baseline 0.002 -20"><span class='ocrx_word' id='word_1_63' title='bbox 135 932 260 992; x_wconf 87' lang='lat' dir='ltr'><strong>armata</strong></span> <span class='ocrx_word' id='word_1_64' title='bbox 279 930 378 1010; x_wconf 89' lang='lat' dir='ltr'><strong>erant,</strong></span> <span class='ocrx_word' id='word_1_65' title='bbox 397 927 433 990; x_wconf 94' lang='lat' dir='ltr'><strong>in</strong></span> <span class='ocrx_word' id='word_1_66' title='bbox 452 948 587 1010; x_wconf 93' lang='lat' dir='ltr'><strong>quorum</strong></span> <span class='ocrx_word' id='word_1_67' title='bbox 606 926 772 991; x_wconf 81' lang='lat' dir='ltr'>obsidione</span> <span class='ocrx_word' id='word_1_68' title='bbox 787 925 919 992; x_wconf 78' lang='lat' dir='ltr'><strong>Cratero</strong></span> <span class='ocrx_word' id='word_1_69' title='bbox 939 927 1054 993; x_wconf 90' lang='lat' dir='ltr'><strong>relicto</strong></span> <span class='ocrx_word' id='word_1_70' title='bbox 1073 928 1145 1011; x_wconf 86' lang='lat' dir='ltr'><strong>ipse</strong></span> 
     </span>
     <span class='ocr_line' id='line_1_10' title="bbox 134 1012 1199 1098; baseline -0.005 -18"><span class='ocrx_word' id='word_1_71' title='bbox 134 1012 365 1080; x_wconf 78' lang='lat' dir='ltr'><strong>Satibarzanen</strong></span> <span class='ocrx_word' id='word_1_72' title='bbox 393 1016 483 1098; x_wconf 90' lang='lat' dir='ltr'><strong>sequi</strong></span> <span class='ocrx_word' id='word_1_73' title='bbox 511 1014 654 1081; x_wconf 77' lang='lat' dir='ltr'><strong>festinat.</strong></span> <span class='ocrx_word' id='word_1_74' title='bbox 698 1012 744 1079; x_wconf 81' lang='lat' dir='ltr'><strong>Et</strong></span> <span class='ocrx_word' id='word_1_75' title='bbox 771 1015 845 1098; x_wconf 89' lang='lat' dir='ltr'><strong>quia</strong></span> <span class='ocrx_word' id='word_1_76' title='bbox 872 1014 1001 1098; x_wconf 88' lang='lat' dir='ltr'><strong>longius</strong></span> <span class='ocrx_word' id='word_1_77' title='bbox 1030 1013 1199 1081; x_wconf 75' lang='lat' dir='ltr'><strong>abesse23</strong></span> 
     </span>
     <span class='ocr_line' id='line_1_11' title="bbox 136 1102 1145 1188; baseline 0 -20"><span class='ocrx_word' id='word_1_78' title='bbox 136 1125 209 1168; x_wconf 91' lang='lat' dir='ltr'><strong>enm</strong></span> <span class='ocrx_word' id='word_1_79' title='bbox 232 1105 439 1188; x_wconf 86' lang='lat' dir='ltr'><strong>cognoverat,</strong></span> <span class='ocrx_word' id='word_1_80' title='bbox 462 1103 503 1168; x_wconf 90' lang='lat' dir='ltr'><strong>ad</strong></span> <span class='ocrx_word' id='word_1_81' title='bbox 527 1102 759 1187; x_wconf 89' lang='lat' dir='ltr'><strong>expugnandos</strong></span> <span class='ocrx_word' id='word_1_82' title='bbox 779 1123 847 1186; x_wconf 85' lang='lat' dir='ltr'><strong>eos,</strong></span> <span class='ocrx_word' id='word_1_83' title='bbox 870 1103 926 1186; x_wconf 91' lang='lat' dir='ltr'><strong>qui</strong></span> <span class='ocrx_word' id='word_1_84' title='bbox 945 1102 1031 1168; x_wconf 90' lang='lat' dir='ltr'><strong>edita</strong></span> <span class='ocrx_word' id='word_1_85' title='bbox 1054 1125 1145 1169; x_wconf 93' lang='lat' dir='ltr'><strong>mon-</strong></span> 
     </span>
    </p>

    <p class='ocr_par' dir='ltr' id='par_1_5' title="bbox 81 1190 1146 1451">
     <span class='ocr_line' id='line_1_12' title="bbox 81 1190 1145 1276; baseline -0.004 -15"><span class='ocrx_word' id='word_1_86' title='bbox 81 1214 115 1261; x_wconf 81' lang='grc'><strong>16</strong></span> <span class='ocrx_word' id='word_1_87' title='bbox 134 1192 217 1257; x_wconf 92' lang='lat' dir='ltr'><strong>tium</strong></span> <span class='ocrx_word' id='word_1_88' title='bbox 241 1195 490 1275; x_wconf 86' lang='lat' dir='ltr'><strong>occupaverant,</strong></span> <span class='ocrx_word' id='word_1_89' title='bbox 516 1192 609 1258; x_wconf 85' lang='lat' dir='ltr'><strong>redit</strong></span> <span class='ocrx_word' id='word_1_90' title='bbox 650 1190 698 1255; x_wconf 84' lang='lat' dir='ltr'><strong>Ao</strong></span> <span class='ocrx_word' id='word_1_91' title='bbox 726 1190 831 1274; x_wconf 90' lang='lat' dir='ltr'><strong>primo</strong></span> <span class='ocrx_word' id='word_1_92' title='bbox 854 1191 1023 1273; x_wconf 86' lang='lat' dir='ltr'><strong>repurgari</strong></span> <span class='ocrx_word' id='word_1_93' title='bbox 1044 1191 1145 1276; x_wconf 86' lang='lat' dir='ltr'><strong>iubet,</strong></span> 
     </span>
     <span class='ocr_line' id='line_1_13' title="bbox 135 1278 1145 1365; baseline 0.001 -21"><span class='ocrx_word' id='word_1_94' title='bbox 135 1280 290 1365; x_wconf 91' lang='lat' dir='ltr'><strong>quidquid</strong></span> <span class='ocrx_word' id='word_1_95' title='bbox 306 1279 433 1365; x_wconf 80' lang='lat' dir='ltr'><strong>ingredi</strong></span> <span class='ocrx_word' id='word_1_96' title='bbox 451 1284 596 1363; x_wconf 85' lang='lat' dir='ltr'><strong>possent:</strong></span> <span class='ocrx_word' id='word_1_97' title='bbox 614 1278 744 1362; x_wconf 87' lang='lat' dir='ltr'><strong>deinde,</strong></span> <span class='ocrx_word' id='word_1_98' title='bbox 763 1282 800 1343; x_wconf 91' lang='lat' dir='ltr'><strong>ut</strong></span> <span class='ocrx_word' id='word_1_99' title='bbox 813 1280 1024 1344; x_wconf 87' lang='lat' dir='ltr'><strong>occurrebant</strong></span> <span class='ocrx_word' id='word_1_100' title='bbox 1036 1279 1145 1345; x_wconf 84' lang='lat' dir='ltr'><strong>inviae</strong></span> 
     </span>
     <span class='ocr_line' id='line_1_14' title="bbox 135 1367 1146 1451; baseline 0 -18"><span class='ocrx_word' id='word_1_101' title='bbox 135 1373 223 1434; x_wconf 89' lang='lat' dir='ltr'><strong>cotes</strong></span> <span class='ocrx_word' id='word_1_102' title='bbox 246 1371 501 1451; x_wconf 87' lang='lat' dir='ltr'><strong>praeruptaeque</strong></span> <span class='ocrx_word' id='word_1_103' title='bbox 519 1388 629 1451; x_wconf 86' lang='lat' dir='ltr'><strong>rupes,</strong></span> <span class='ocrx_word' id='word_1_104' title='bbox 650 1367 766 1431; x_wconf 90' lang='lat' dir='ltr'><strong>inritus</strong></span> <span class='ocrx_word' id='word_1_105' title='bbox 785 1367 878 1431; x_wconf 91' lang='lat' dir='ltr'><strong>labor</strong></span> <span class='ocrx_word' id='word_1_106' title='bbox 900 1367 1066 1432; x_wconf 82' lang='lat' dir='ltr'><strong>videbatur</strong></span> <span class='ocrx_word' id='word_1_107' title='bbox 1089 1369 1146 1433; x_wconf 93' lang='lat' dir='ltr'><strong>ob·</strong></span> 
     </span>
    </p>

    <p class='ocr_par' dir='ltr' id='par_1_6' title="bbox 82 1453 1145 1715">
     <span class='ocr_line' id='line_1_15' title="bbox 82 1453 1145 1539; baseline 0.002 -20"><span class='ocrx_word' id='word_1_108' title='bbox 82 1477 115 1525; x_wconf 73' lang='lat' dir='ltr'><strong>aa</strong></span> <span class='ocrx_word' id='word_1_109' title='bbox 135 1459 240 1519; x_wconf 89' lang='lat' dir='ltr'><strong>stante</strong></span> <span class='ocrx_word' id='word_1_110' title='bbox 263 1458 388 1518; x_wconf 84' lang='lat' dir='ltr'><strong>natura.</strong></span> <span class='ocrx_word' id='word_1_111' title='bbox 426 1453 500 1536; x_wconf 90' lang='lat' dir='ltr'><strong>llle,</strong></span> <span class='ocrx_word' id='word_1_112' title='bbox 524 1459 560 1518; x_wconf 93' lang='lat' dir='ltr'><strong>ut</strong></span> <span class='ocrx_word' id='word_1_113' title='bbox 584 1459 653 1519; x_wconf 89' lang='lat' dir='ltr'><strong>erat</strong></span> <span class='ocrx_word' id='word_1_114' title='bbox 676 1455 774 1518; x_wconf 90' lang='lat' dir='ltr'><strong>animi</strong></span> <span class='ocrx_word' id='word_1_115' title='bbox 798 1477 923 1539; x_wconf 86' lang='lat' dir='ltr'><strong>semper</strong></span> <span class='ocrx_word' id='word_1_116' title='bbox 946 1456 1145 1522; x_wconf 86' lang='lat' dir='ltr'><strong>obluctantis</strong></span> 
     </span>
     <span class='ocr_line' id='line_1_16' title="bbox 136 1541 1144 1627; baseline 0.003 -22"><span class='ocrx_word' id='word_1_117' title='bbox 136 1541 396 1625; x_wconf 86' lang='lat' dir='ltr'><strong>difficultatibus,</strong></span> <span class='ocrx_word' id='word_1_118' title='bbox 415 1562 486 1606; x_wconf 91' lang='lat' dir='ltr'><strong>cum</strong></span> <span class='ocrx_word' id='word_1_119' title='bbox 506 1545 539 1605; x_wconf 91' lang='lat' dir='ltr'><strong>et</strong></span> <span class='ocrx_word' id='word_1_120' title='bbox 557 1542 709 1626; x_wconf 83' lang='lat' dir='ltr'><strong>progredi</strong></span> <span class='ocrx_word' id='word_1_121' title='bbox 728 1542 863 1607; x_wconf 89' lang='lat' dir='ltr'><strong>arduum</strong></span> <span class='ocrx_word' id='word_1_122' title='bbox 878 1547 910 1606; x_wconf 91' lang='lat' dir='ltr'><strong>et</strong></span> <span class='ocrx_word' id='word_1_123' title='bbox 923 1544 1042 1608; x_wconf 87' lang='lat' dir='ltr'><strong>reverti</strong></span> <span class='ocrx_word' id='word_1_124' title='bbox 1060 1546 1144 1627; x_wconf 91' lang='lat' dir='ltr'><strong>peri·</strong></span> 
     </span>
     <span class='ocr_line' id='line_1_17' title="bbox 136 1629 1145 1715; baseline 0.003 -21"><span class='ocrx_word' id='word_1_125' title='bbox 136 1629 281 1695; x_wconf 90' lang='lat' dir='ltr'><strong>culosum</strong></span> <span class='ocrx_word' id='word_1_126' title='bbox 295 1633 394 1713; x_wconf 85' lang='lat' dir='ltr'><strong>esset,</strong></span> <span class='ocrx_word' id='word_1_127' title='bbox 411 1630 563 1695; x_wconf 83' lang='lat' dir='ltr'><strong>versabat</strong></span> <span class='ocrx_word' id='word_1_128' title='bbox 577 1652 610 1695; x_wconf 91' lang='lat' dir='ltr'><strong>se</strong></span> <span class='ocrx_word' id='word_1_129' title='bbox 629 1630 670 1695; x_wconf 90' lang='lat' dir='ltr'><strong>ad</strong></span> <span class='ocrx_word' id='word_1_130' title='bbox 684 1652 794 1696; x_wconf 92' lang='lat' dir='ltr'><strong>omnes</strong></span> <span class='ocrx_word' id='word_1_131' title='bbox 809 1631 1037 1715; x_wconf 85' lang='lat' dir='ltr'><strong>cogitationes,</strong></span> <span class='ocrx_word' id='word_1_132' title='bbox 1056 1632 1145 1697; x_wconf 91' lang='lat' dir='ltr'><strong>aliud</strong></span> 
     </span>
    </p>

    <p class='ocr_par' dir='ltr' id='par_1_7' title="bbox 45 1717 1145 1892">
     <span class='ocr_line' id='line_1_18' title="bbox 45 1717 1145 1805; baseline 0.003 -23"><span class='ocrx_word' id='word_1_133' title='bbox 45 1796 47 1800; x_wconf 11' lang='lat' dir='ltr'>y</span> <span class='ocrx_word' id='word_1_134' title='bbox 136 1721 233 1802; x_wconf 92' lang='lat' dir='ltr'><strong>atque</strong></span> <span class='ocrx_word' id='word_1_135' title='bbox 266 1717 365 1802; x_wconf 89' lang='lat' dir='ltr'><strong>aliud,</strong></span> <span class='ocrx_word' id='word_1_136' title='bbox 397 1719 445 1782; x_wconf 87' lang='lat' dir='ltr'><strong>ita</strong></span> <span class='ocrx_word' id='word_1_137' title='bbox 476 1722 513 1783; x_wconf 92' lang='lat' dir='ltr'><strong>ut</strong></span> <span class='ocrx_word' id='word_1_138' title='bbox 544 1719 613 1782; x_wconf 89' lang='lat' dir='ltr'><strong>fieri</strong></span> <span class='ocrx_word' id='word_1_139' title='bbox 644 1719 740 1801; x_wconf 84' lang='lat' dir='ltr'><strong>solet,</strong></span> <span class='ocrx_word' id='word_1_140' title='bbox 773 1719 829 1783; x_wconf 90' lang='lat' dir='ltr'><strong>ubi</strong></span> <span class='ocrx_word' id='word_1_141' title='bbox 861 1720 967 1802; x_wconf 90' lang='lat' dir='ltr'><strong>prima</strong></span> <span class='ocrx_word' id='word_1_142' title='bbox 999 1741 1145 1805; x_wconf 90' lang='lat' dir='ltr'><strong>quaeque</strong></span> 
     </span>
     <span class='ocr_line' id='line_1_19' title="bbox 137 1806 1144 1892; baseline 0.002 -20"><span class='ocrx_word' id='word_1_143' title='bbox 137 1807 338 1890; x_wconf 88' lang='lat' dir='ltr'><strong>damnamus,</strong></span> <span class='ocrx_word' id='word_1_144' title='bbox 365 1807 540 1872; x_wconf 82' lang='lat' dir='ltr'><strong>subiciente</strong></span> <span class='ocrx_word' id='word_1_145' title='bbox 564 1808 681 1872; x_wconf 85' lang='lat' dir='ltr'><strong>animo.</strong></span> <span class='ocrx_word' id='word_1_146' title='bbox 726 1806 923 1891; x_wconf 88' lang='lat' dir='ltr'><strong>Haesitanti,</strong></span> <span class='ocrx_word' id='word_1_147' title='bbox 950 1808 1036 1892; x_wconf 89' lang='lat' dir='ltr'><strong>quod</strong></span> <span class='ocrx_word' id='word_1_148' title='bbox 1059 1810 1144 1874; x_wconf 92' lang='lat' dir='ltr'><strong>ratio</strong></span> 
     </span>
    </p>

    <p class='ocr_par' dir='ltr' id='par_1_8' title="bbox 83 1894 1147 2156">
     <span class='ocr_line' id='line_1_20' title="bbox 83 1894 1145 1978; baseline -0.001 -16"><span class='ocrx_word' id='word_1_149' title='bbox 83 1916 117 1963; x_wconf 83' lang='lat' dir='ltr'><strong>as</strong></span> <span class='ocrx_word' id='word_1_150' title='bbox 135 1917 201 1960; x_wconf 92' lang='lat' dir='ltr'><strong>non</strong></span> <span class='ocrx_word' id='word_1_151' title='bbox 228 1895 347 1978; x_wconf 86' lang='lat' dir='ltr'><strong>potuit,</strong></span> <span class='ocrx_word' id='word_1_152' title='bbox 373 1895 506 1959; x_wconf 75' lang='lat' dir='ltr'><strong>fortuna</strong></span> <span class='ocrx_word' id='word_1_153' title='bbox 533 1895 704 1960; x_wconf 89' lang='lat' dir='ltr'><strong>eonsilium</strong></span> <span class='ocrx_word' id='word_1_154' title='bbox 732 1894 999 1962; x_wconf 79' lang='lat' dir='ltr'><strong>subministravit.</strong></span> <span class='ocrx_word' id='word_1_155' title='bbox 1039 1895 1145 1961; x_wconf 89' lang='lat' dir='ltr'><strong>Vehe-</strong></span> 
     </span>
     <span class='ocr_line' id='line_1_21' title="bbox 136 1983 1147 2065; baseline 0.004 -18"><span class='ocrx_word' id='word_1_156' title='bbox 136 2005 226 2047; x_wconf 86' lang='lat' dir='ltr'><strong>mens</strong></span> <span class='ocrx_word' id='word_1_157' title='bbox 259 1983 406 2046; x_wconf 88' lang='lat' dir='ltr'><strong>favonius</strong></span> <span class='ocrx_word' id='word_1_158' title='bbox 439 1986 521 2065; x_wconf 91' lang='lat' dir='ltr'><strong>erat,</strong></span> <span class='ocrx_word' id='word_1_159' title='bbox 554 1986 587 2047; x_wconf 91' lang='lat' dir='ltr'><strong>et</strong></span> <span class='ocrx_word' id='word_1_160' title='bbox 617 1983 755 2047; x_wconf 86' lang='lat' dir='ltr'><strong>multam</strong></span> <span class='ocrx_word' id='word_1_161' title='bbox 786 1984 957 2048; x_wconf 88' lang='lat' dir='ltr'><strong>materiam</strong></span> <span class='ocrx_word' id='word_1_162' title='bbox 987 1984 1147 2051; x_wconf 89' lang='lat' dir='ltr'><strong>ceciderat</strong></span> 
     </span>
     <span class='ocr_line' id='line_1_22' title="bbox 137 2068 1146 2156; baseline 0.007 -24"><span class='ocrx_word' id='word_1_163' title='bbox 137 2070 245 2152; x_wconf 85' lang='lat' dir='ltr'><strong>miles,</strong></span> <span class='ocrx_word' id='word_1_164' title='bbox 269 2068 392 2133; x_wconf 91' lang='lat' dir='ltr'><strong>aditum</strong></span> <span class='ocrx_word' id='word_1_165' title='bbox 414 2090 472 2152; x_wconf 92' lang='lat' dir='ltr'><strong>per</strong></span> <span class='ocrx_word' id='word_1_166' title='bbox 495 2092 574 2134; x_wconf 84' lang='lat' dir='ltr'><strong>saxa</strong></span> <span class='ocrx_word' id='word_1_167' title='bbox 590 2071 732 2136; x_wconf 90' lang='lat' dir='ltr'><strong>molitus.</strong></span> <span class='ocrx_word' id='word_1_168' title='bbox 768 2068 856 2135; x_wconf 88' lang='lat' dir='ltr'><strong>Haeo</strong></span> <span class='ocrx_word' id='word_1_169' title='bbox 880 2094 999 2156; x_wconf 88' lang='lat' dir='ltr'><strong>vapore</strong></span> <span class='ocrx_word' id='word_1_170' title='bbox 1020 2074 1146 2139; x_wconf 89' lang='lat' dir='ltr'><strong>torrida</strong></span> 
     </span>
    </p>

    <p class='ocr_par' dir='ltr' id='par_1_9' title="bbox 84 2155 1145 2331">
     <span class='ocr_line' id='line_1_23' title="bbox 84 2155 1145 2243; baseline 0 -17"><span class='ocrx_word' id='word_1_171' title='bbox 84 2179 117 2226; x_wconf 82' lang='grc'><strong>11</strong></span> <span class='ocrx_word' id='word_1_172' title='bbox 136 2157 202 2221; x_wconf 88' lang='lat' dir='ltr'><strong>iam</strong></span> <span class='ocrx_word' id='word_1_173' title='bbox 234 2156 401 2221; x_wconf 88' lang='lat' dir='ltr'><strong>inarserat.</strong></span> <span class='ocrx_word' id='word_1_174' title='bbox 450 2155 539 2242; x_wconf 79' lang='lat' dir='ltr'><strong>Ergo</strong></span> <span class='ocrx_word' id='word_1_175' title='bbox 571 2159 682 2243; x_wconf 81' lang='lat' dir='ltr'><strong>adgeri</strong></span> <span class='ocrx_word' id='word_1_176' title='bbox 714 2159 795 2222; x_wconf 90' lang='lat' dir='ltr'><strong>alias</strong></span> <span class='ocrx_word' id='word_1_177' title='bbox 829 2160 960 2225; x_wconf 90' lang='lat' dir='ltr'><strong>arbores</strong></span> <span class='ocrx_word' id='word_1_178' title='bbox 990 2161 1080 2225; x_wconf 91' lang='lat' dir='ltr'><strong>iubet</strong></span> <span class='ocrx_word' id='word_1_179' title='bbox 1112 2167 1145 2227; x_wconf 89' lang='lat' dir='ltr'><strong>et</strong></span> 
     </span>
     <span class='ocr_line' id='line_1_24' title="bbox 136 2244 1145 2331; baseline 0.008 -23"><span class='ocrx_word' id='word_1_180' title='bbox 136 2245 206 2329; x_wconf 90' lang='lat' dir='ltr'><strong>igni</strong></span> <span class='ocrx_word' id='word_1_181' title='bbox 234 2244 303 2309; x_wconf 92' lang='lat' dir='ltr'><strong>dari</strong></span> <span class='ocrx_word' id='word_1_182' title='bbox 334 2245 500 2310; x_wconf 89' lang='lat' dir='ltr'><strong>alimenta:</strong></span> <span class='ocrx_word' id='word_1_183' title='bbox 534 2247 742 2331; x_wconf 84' lang='lat' dir='ltr'><strong>celeriterque</strong></span> <span class='ocrx_word' id='word_1_184' title='bbox 774 2246 940 2331; x_wconf 90' lang='lat' dir='ltr'><strong>stipitibus</strong></span> <span class='ocrx_word' id='word_1_185' title='bbox 972 2248 1145 2316; x_wconf 82' lang='lat' dir='ltr'><strong>cumulatis</strong></span> 
     </span>
    </p>

    <p class='ocr_par' dir='ltr' id='par_1_10' title="bbox 84 2333 1145 2596">
     <span class='ocr_line' id='line_1_25' title="bbox 84 2333 1145 2422; baseline 0 -19"><span class='ocrx_word' id='word_1_186' title='bbox 84 2354 118 2402; x_wconf 81' lang='lat' dir='ltr'><strong>ao</strong></span> <span class='ocrx_word' id='word_1_187' title='bbox 136 2333 305 2417; x_wconf 87' lang='lat' dir='ltr'><strong>fastigium</strong></span> <span class='ocrx_word' id='word_1_188' title='bbox 333 2333 453 2398; x_wconf 89' lang='lat' dir='ltr'><strong>montis</strong></span> <span class='ocrx_word' id='word_1_189' title='bbox 482 2337 654 2418; x_wconf 88' lang='lat' dir='ltr'><strong>aequatum</strong></span> <span class='ocrx_word' id='word_1_190' title='bbox 682 2339 739 2399; x_wconf 92' lang='lat' dir='ltr'><strong>est.</strong></span> <span class='ocrx_word' id='word_1_191' title='bbox 780 2333 870 2399; x_wconf 83' lang='lat' dir='ltr'><strong>Tune</strong></span> <span class='ocrx_word' id='word_1_192' title='bbox 896 2336 1035 2422; x_wconf 91' lang='lat' dir='ltr'><strong>undique</strong></span> <span class='ocrx_word' id='word_1_193' title='bbox 1058 2337 1145 2422; x_wconf 85' lang='lat' dir='ltr'><strong>ignis</strong></span> 
     </span>
     <span class='ocr_line' id='line_1_26' title="bbox 136 2421 1145 2506; baseline 0.005 -20"><span class='ocrx_word' id='word_1_194' title='bbox 136 2422 274 2487; x_wconf 88' lang='lat' dir='ltr'><strong>iniectus</strong></span> <span class='ocrx_word' id='word_1_195' title='bbox 289 2425 403 2486; x_wconf 84' lang='lat' dir='ltr'><strong>cuncta</strong></span> <span class='ocrx_word' id='word_1_196' title='bbox 417 2421 656 2506; x_wconf 86' lang='lat' dir='ltr'><strong>conprehendit.</strong></span> <span class='ocrx_word' id='word_1_197' title='bbox 687 2422 867 2488; x_wconf 83' lang='lat' dir='ltr'><strong>Flammam</strong></span> <span class='ocrx_word' id='word_1_198' title='bbox 881 2425 916 2488; x_wconf 91' lang='lat' dir='ltr'><strong>in</strong></span> <span class='ocrx_word' id='word_1_199' title='bbox 930 2446 987 2490; x_wconf 93' lang='lat' dir='ltr'><strong>ora</strong></span> <span class='ocrx_word' id='word_1_200' title='bbox 999 2425 1145 2491; x_wconf 91' lang='lat' dir='ltr'><strong>hostium</strong></span> 
     </span>
     <span class='ocr_line' id='line_1_27' title="bbox 137 2509 1145 2596; baseline 0.005 -22"><span class='ocrx_word' id='word_1_201' title='bbox 137 2514 251 2575; x_wconf 88' lang='lat' dir='ltr'><strong>ventus</strong></span> <span class='ocrx_word' id='word_1_202' title='bbox 274 2509 411 2592; x_wconf 89' lang='lat' dir='ltr'><strong>ferebat,</strong></span> <span class='ocrx_word' id='word_1_203' title='bbox 441 2509 549 2575; x_wconf 86' lang='lat' dir='ltr'><strong>fumus</strong></span> <span class='ocrx_word' id='word_1_204' title='bbox 572 2511 686 2593; x_wconf 88' lang='lat' dir='ltr'><strong>ingens</strong></span> <span class='ocrx_word' id='word_1_205' title='bbox 709 2511 798 2575; x_wconf 83' lang='lat' dir='ltr'><strong>velut</strong></span> <span class='ocrx_word' id='word_1_206' title='bbox 820 2513 959 2596; x_wconf 89' lang='lat' dir='ltr'><strong>quadam</strong></span> <span class='ocrx_word' id='word_1_207' title='bbox 981 2516 1066 2578; x_wconf 92' lang='lat' dir='ltr'><strong>nube</strong></span> <span class='ocrx_word' id='word_1_208' title='bbox 1088 2515 1145 2579; x_wconf 87' lang='lat' dir='ltr'><strong>ab·</strong></span> 
     </span>
    </p>

    <p class='ocr_par' dir='ltr' id='par_1_11' title="bbox 85 2597 1146 2774">
     <span class='ocr_line' id='line_1_28' title="bbox 85 2597 1146 2686; baseline 0.001 -20"><span class='ocrx_word' id='word_1_209' title='bbox 85 2619 117 2666; x_wconf 84' lang='lat'><strong>31</strong></span> <span class='ocrx_word' id='word_1_210' title='bbox 138 2599 308 2665; x_wconf 89' lang='lat' dir='ltr'><strong>sconderat</strong></span> <span class='ocrx_word' id='word_1_211' title='bbox 330 2599 464 2664; x_wconf 88' lang='lat' dir='ltr'><strong>caelum.</strong></span> <span class='ocrx_word' id='word_1_212' title='bbox 501 2597 666 2664; x_wconf 82' lang='lat' dir='ltr'><strong>Sonabant</strong></span> <span class='ocrx_word' id='word_1_213' title='bbox 687 2600 835 2664; x_wconf 86' lang='lat' dir='ltr'><strong>incendio</strong></span> <span class='ocrx_word' id='word_1_214' title='bbox 864 2600 964 2665; x_wconf 88' lang='lat' dir='ltr'><strong>silvae</strong></span> <span class='ocrx_word' id='word_1_215' title='bbox 988 2604 1084 2686; x_wconf 89' lang='lat' dir='ltr'><strong>atque</strong></span> <span class='ocrx_word' id='word_1_216' title='bbox 1107 2624 1146 2667; x_wconf 88' lang='lat' dir='ltr'><strong>ea</strong></span> 
     </span>
     <span class='ocr_line' id='line_1_29' title="bbox 137 2686 1146 2774; baseline 0.004 -23"><span class='ocrx_word' id='word_1_217' title='bbox 137 2709 278 2771; x_wconf 86' lang='lat' dir='ltr'><strong>quoque,</strong></span> <span class='ocrx_word' id='word_1_218' title='bbox 312 2708 393 2771; x_wconf 87' lang='lat' dir='ltr'><strong>quae</strong></span> <span class='ocrx_word' id='word_1_219' title='bbox 424 2707 490 2752; x_wconf 93' lang='lat' dir='ltr'><strong>non</strong></span> <span class='ocrx_word' id='word_1_220' title='bbox 521 2686 707 2752; x_wconf 86' lang='lat' dir='ltr'><strong>incenderat</strong></span> <span class='ocrx_word' id='word_1_221' title='bbox 738 2688 848 2771; x_wconf 85' lang='lat' dir='ltr'><strong>miles,</strong></span> <span class='ocrx_word' id='word_1_222' title='bbox 883 2694 1038 2773; x_wconf 88' lang='lat' dir='ltr'><strong>concepto</strong></span> <span class='ocrx_word' id='word_1_223' title='bbox 1069 2689 1146 2774; x_wconf 87' lang='lat' dir='ltr'><strong>igne</strong></span> 
     </span>
    </p>

    <p class='ocr_par' dir='ltr' id='par_1_12' title="bbox 70 2773 1147 2949">
     <span class='ocr_line' id='line_1_30' title="bbox 70 2773 1146 2860; baseline 0.005 -23"><span class='ocrx_word' id='word_1_224' title='bbox 70 2847 73 2852; x_wconf 40' lang='grc'><strong>,</strong></span> <span class='ocrx_word' id='word_1_225' title='bbox 137 2776 285 2857; x_wconf 85' lang='lat' dir='ltr'><strong>proxima</strong></span> <span class='ocrx_word' id='word_1_226' title='bbox 304 2795 448 2858; x_wconf 89' lang='lat' dir='ltr'><strong>quaeque</strong></span> <span class='ocrx_word' id='word_1_227' title='bbox 463 2775 648 2841; x_wconf 90' lang='lat' dir='ltr'><strong>adurebant.</strong></span> <span class='ocrx_word' id='word_1_228' title='bbox 680 2773 816 2840; x_wconf 90' lang='lat' dir='ltr'><strong>Barbari</strong></span> <span class='ocrx_word' id='word_1_229' title='bbox 830 2777 1058 2860; x_wconf 89' lang='lat' dir='ltr'><strong>suppliciorum</strong></span> <span class='ocrx_word' id='word_1_230' title='bbox 1071 2779 1146 2842; x_wconf 90' lang='lat' dir='ltr'><strong>ulti·</strong></span> 
     </span>
     <span class='ocr_line' id='line_1_31' title="bbox 137 2862 1147 2949; baseline 0.003 -24"><span class='ocrx_word' id='word_1_231' title='bbox 137 2882 239 2944; x_wconf 88' lang='lat' dir='ltr'><strong>mum,</strong></span> <span class='ocrx_word' id='word_1_232' title='bbox 258 2862 286 2925; x_wconf 94' lang='lat' dir='ltr'><strong>si</strong></span> <span class='ocrx_word' id='word_1_233' title='bbox 306 2883 368 2944; x_wconf 87' lang='lat' dir='ltr'><strong>qua</strong></span> <span class='ocrx_word' id='word_1_234' title='bbox 382 2863 645 2928; x_wconf 89' lang='lat' dir='ltr'><strong>intermoreretur</strong></span> <span class='ocrx_word' id='word_1_235' title='bbox 658 2863 759 2948; x_wconf 87' lang='lat' dir='ltr'><strong>ignis,</strong></span> <span class='ocrx_word' id='word_1_236' title='bbox 778 2864 917 2948; x_wconf 88' lang='lat' dir='ltr'><strong>effugere</strong></span> <span class='ocrx_word' id='word_1_237' title='bbox 935 2865 1147 2949; x_wconf 87' lang='lat' dir='ltr'><strong>temptabant,</strong></span> 
     </span>
    </p>

    <p class='ocr_par' dir='ltr' id='par_1_13' title="bbox 86 2948 1148 3211">
     <span class='ocr_line' id='line_1_32' title="bbox 86 2948 1148 3034; baseline 0.002 -18"><span class='ocrx_word' id='word_1_238' title='bbox 86 2970 118 3018; x_wconf 78' lang='lat'><strong>32</strong></span> <span class='ocrx_word' id='word_1_239' title='bbox 139 2949 192 3013; x_wconf 91' lang='lat' dir='ltr'><strong>sed</strong></span> <span class='ocrx_word' id='word_1_240' title='bbox 212 2970 276 3032; x_wconf 89' lang='lat' dir='ltr'><strong>qua</strong></span> <span class='ocrx_word' id='word_1_241' title='bbox 293 2948 425 3012; x_wconf 91' lang='lat' dir='ltr'><strong>flamma</strong></span> <span class='ocrx_word' id='word_1_242' title='bbox 444 2948 576 3015; x_wconf 87' lang='lat' dir='ltr'><strong>dederat</strong></span> <span class='ocrx_word' id='word_1_243' title='bbox 595 2951 710 3034; x_wconf 85' lang='lat' dir='ltr'><strong>locum,</strong></span> <span class='ocrx_word' id='word_1_244' title='bbox 728 2951 832 3016; x_wconf 91' lang='lat' dir='ltr'><strong>hostis</strong></span> <span class='ocrx_word' id='word_1_245' title='bbox 852 2953 1013 3018; x_wconf 90' lang='lat' dir='ltr'><strong>obstabat.</strong></span> <span class='ocrx_word' id='word_1_246' title='bbox 1045 2953 1148 3018; x_wconf 89' lang='lat' dir='ltr'><strong>Varia</strong></span> 
     </span>
     <span class='ocr_line' id='line_1_33' title="bbox 138 3036 1147 3125; baseline 0.006 -25"><span class='ocrx_word' id='word_1_247' title='bbox 138 3037 238 3122; x_wconf 89' lang='lat' dir='ltr'><strong>igitur</strong></span> <span class='ocrx_word' id='word_1_248' title='bbox 257 3036 352 3101; x_wconf 88' lang='lat' dir='ltr'><strong>caede</strong></span> <span class='ocrx_word' id='word_1_249' title='bbox 377 3039 560 3121; x_wconf 86' lang='lat' dir='ltr'><strong>consumpti</strong></span> <span class='ocrx_word' id='word_1_250' title='bbox 579 3037 667 3120; x_wconf 77' lang='lat' dir='ltr'><strong>sunt:</strong></span> <span class='ocrx_word' id='word_1_251' title='bbox 691 3038 746 3103; x_wconf 92' lang='lat' dir='ltr'><strong>alii</strong></span> <span class='ocrx_word' id='word_1_252' title='bbox 767 3041 802 3104; x_wconf 91' lang='lat' dir='ltr'><strong>in</strong></span> <span class='ocrx_word' id='word_1_253' title='bbox 820 3040 943 3106; x_wconf 89' lang='lat' dir='ltr'><strong>medios</strong></span> <span class='ocrx_word' id='word_1_254' title='bbox 961 3042 1067 3125; x_wconf 85' lang='lat' dir='ltr'><strong>ignes,</strong></span> <span class='ocrx_word' id='word_1_255' title='bbox 1090 3042 1147 3107; x_wconf 90' lang='lat' dir='ltr'><strong>alii</strong></span> 
     </span>
     <span class='ocr_line' id='line_1_34' title="bbox 138 3123 1148 3211; baseline 0.003 -21"><span class='ocrx_word' id='word_1_256' title='bbox 138 3126 239 3208; x_wconf 88' lang='lat' dir='ltr'><strong>petris</strong></span> <span class='ocrx_word' id='word_1_257' title='bbox 261 3123 516 3209; x_wconf 88' lang='lat' dir='ltr'><strong>praecipitavere</strong></span> <span class='ocrx_word' id='word_1_258' title='bbox 538 3147 586 3210; x_wconf 89' lang='lat' dir='ltr'><strong>se,</strong></span> <span class='ocrx_word' id='word_1_259' title='bbox 609 3127 739 3211; x_wconf 89' lang='lat' dir='ltr'><strong>quidam</strong></span> <span class='ocrx_word' id='word_1_260' title='bbox 761 3127 905 3193; x_wconf 90' lang='lat' dir='ltr'><strong>hostium</strong></span> <span class='ocrx_word' id='word_1_261' title='bbox 924 3130 1074 3195; x_wconf 89' lang='lat' dir='ltr'><strong>manibus</strong></span> <span class='ocrx_word' id='word_1_262' title='bbox 1093 3131 1148 3194; x_wconf 93' lang='lat' dir='ltr'><strong>ob·</strong></span> 
     </span>
    </p>
   </div>
   <div class='ocr_carea' id='block_1_3' title="bbox 87 3211 1204 3656">
    <p class='ocr_par' dir='ltr' id='par_1_14' title="bbox 87 3211 1204 3656">
     <span class='ocr_line' id='line_1_35' title="bbox 139 3211 1076 3301; baseline 0.006 -25"><span class='ocrx_word' id='word_1_263' title='bbox 139 3213 296 3297; x_wconf 88' lang='lat' dir='ltr'><strong>tulerunt,</strong></span> <span class='ocrx_word' id='word_1_264' title='bbox 319 3211 413 3296; x_wconf 86' lang='lat' dir='ltr'><strong>pauci</strong></span> <span class='ocrx_word' id='word_1_265' title='bbox 436 3214 653 3279; x_wconf 86' lang='lat' dir='ltr'><strong>semiustulati</strong></span> <span class='ocrx_word' id='word_1_266' title='bbox 675 3236 791 3279; x_wconf 83' lang='lat' dir='ltr'><strong>venere</strong></span> <span class='ocrx_word' id='word_1_267' title='bbox 813 3217 847 3280; x_wconf 92' lang='lat' dir='ltr'><strong>in</strong></span> <span class='ocrx_word' id='word_1_268' title='bbox 870 3220 1076 3301; x_wconf 88' lang='lat' dir='ltr'><strong>potestatem.</strong></span> 
     </span>
     <span class='ocr_line' id='line_1_36' title="bbox 87 3298 1204 3390; baseline 0.002 -21"><span class='ocrx_word' id='word_1_269' title='bbox 87 3321 120 3369; x_wconf 81' lang='lat' dir='ltr'><strong>aa</strong></span> <span class='ocrx_word' id='word_1_270' title='bbox 226 3300 311 3366; x_wconf 88' lang='lat' dir='ltr'><strong>Hinc</strong></span> <span class='ocrx_word' id='word_1_271' title='bbox 326 3301 366 3367; x_wconf 91' lang='lat' dir='ltr'><strong>ad</strong></span> <span class='ocrx_word' id='word_1_272' title='bbox 381 3298 563 3386; x_wconf 80' lang='lat' dir='ltr'><strong>Craterum,</strong></span> <span class='ocrx_word' id='word_1_273' title='bbox 583 3304 638 3387; x_wconf 89' lang='lat' dir='ltr'><strong>qui</strong></span> <span class='ocrx_word' id='word_1_274' title='bbox 651 3302 837 3369; x_wconf 80' lang='lat' dir='ltr'><strong>Artacoana</strong></span> <span class='ocrx_word' id='word_1_275' title='bbox 855 3305 1038 3390; x_wconf 85' lang='lat' dir='ltr'><strong>obsidebat,</strong></span> <span class='ocrx_word' id='word_1_276' title='bbox 1055 3306 1147 3371; x_wconf 90' lang='lat' dir='ltr'><strong>redit.</strong></span> <span class='ocrx_word' id='word_1_277' title='bbox 1158 3318 1204 3381; x_wconf 82' lang='grc'><strong>24</strong></span> 
     </span>
     <span class='ocr_line' id='line_1_37' title="bbox 137 3386 1149 3476; baseline 0.009 -26"><span class='ocrx_word' id='word_1_278' title='bbox 137 3386 198 3453; x_wconf 89' lang='grc'><strong>1111</strong></span> <span class='ocrx_word' id='word_1_279' title='bbox 226 3390 375 3454; x_wconf 91' lang='lat' dir='ltr'><strong>omnibus</strong></span> <span class='ocrx_word' id='word_1_280' title='bbox 407 3393 608 3474; x_wconf 90' lang='lat' dir='ltr'><strong>praeparatis</strong></span> <span class='ocrx_word' id='word_1_281' title='bbox 640 3391 727 3476; x_wconf 87' lang='lat' dir='ltr'><strong>regis</strong></span> <span class='ocrx_word' id='word_1_282' title='bbox 756 3394 947 3476; x_wconf 88' lang='lat' dir='ltr'><strong>expectabat</strong></span> <span class='ocrx_word' id='word_1_283' title='bbox 976 3394 1149 3459; x_wconf 82' lang='lat' dir='ltr'><strong>adventum</strong></span> 
     </span>
     <span class='ocr_line' id='line_1_38' title="bbox 87 3478 1150 3566; baseline 0.001 -21"><span class='ocrx_word' id='word_1_284' title='bbox 87 3497 120 3545; x_wconf 82' lang='grc'><strong>14</strong></span> <span class='ocrx_word' id='word_1_285' title='bbox 140 3481 253 3561; x_wconf 88' lang='lat' dir='ltr'><strong>captae</strong></span> <span class='ocrx_word' id='word_1_286' title='bbox 286 3478 375 3543; x_wconf 92' lang='lat' dir='ltr'><strong>urbis</strong></span> <span class='ocrx_word' id='word_1_287' title='bbox 407 3479 519 3563; x_wconf 88' lang='lat' dir='ltr'><strong>titulo,</strong></span> <span class='ocrx_word' id='word_1_288' title='bbox 551 3478 634 3543; x_wconf 90' lang='lat' dir='ltr'><strong>siout</strong></span> <span class='ocrx_word' id='word_1_289' title='bbox 665 3500 725 3562; x_wconf 90' lang='lat' dir='ltr'><strong>par</strong></span> <span class='ocrx_word' id='word_1_290' title='bbox 758 3484 840 3565; x_wconf 87' lang='lat' dir='ltr'><strong>erat,</strong></span> <span class='ocrx_word' id='word_1_291' title='bbox 871 3481 994 3547; x_wconf 87' lang='lat' dir='ltr'><strong>cedens.</strong></span> <span class='ocrx_word' id='word_1_292' title='bbox 1043 3481 1150 3566; x_wconf 86' lang='lat' dir='ltr'><strong>Igitur</strong></span> 
     </span>
     <span class='ocr_line' id='line_1_39' title="bbox 142 3564 1151 3656; baseline 0.007 -27"><span class='ocrx_word' id='word_1_293' title='bbox 142 3564 322 3632; x_wconf 84' lang='lat' dir='ltr'><strong>Alexander</strong></span> <span class='ocrx_word' id='word_1_294' title='bbox 353 3570 459 3632; x_wconf 86' lang='lat' dir='ltr'><strong>turres</strong></span> <span class='ocrx_word' id='word_1_295' title='bbox 492 3566 655 3631; x_wconf 87' lang='lat' dir='ltr'><strong>admoveri</strong></span> <span class='ocrx_word' id='word_1_296' title='bbox 686 3566 791 3633; x_wconf 88' lang='lat' dir='ltr'><strong>iubet:</strong></span> <span class='ocrx_word' id='word_1_297' title='bbox 828 3569 962 3656; x_wconf 91' lang='lat' dir='ltr'><strong>ipsoque</strong></span> <span class='ocrx_word' id='word_1_298' title='bbox 994 3569 1151 3656; x_wconf 85' lang='lat' dir='ltr'><strong>adspectu</strong></span> 
     </span>
    </p>
   </div>
   <div class='ocr_carea' id='block_1_4' title="bbox 0 0 1223 3892">
    <p class='ocr_par' dir='ltr' id='par_1_15' title="bbox 0 0 1223 3892">
     <span class='ocr_line' id='line_1_40' title="bbox 0 0 1223 3892; baseline 0 0"><span class='ocrx_word' id='word_1_299' title='bbox 0 0 1223 3892; x_wconf 95' lang='lat' dir='ltr'><strong> </strong></span> 
     </span>
    </p>
   </div>
  </div>
 </body>
</html>
