2422 3892
286 148 540 204 HISTORIARUM
557 149 772 205 ALEXANDRI
789 150 823 218 Χ,
842 156 867 204 8.
887 156 911 204 9.
1032 149 1098 214 283

84 295 266 381 premebat,
289 317 311 357 u
350 293 547 378 opprimeret
569 294 743 359 meantum.
780 292 870 378 Ergo
894 295 978 358 olam
1002 314 1098 377 quos-

85 385 161 448 dam
182 405 221 448 ex
241 383 351 467 copiis,
369 383 485 466 quibus
502 385 662 467 praeerat,
680 381 879 466 subornavit,
896 385 934 447 ut
947 418 988 428 —
1005 381 1099 465 quasi

85 473 255 559 ignoraret
280 472 352 556 ipse
377 507 414 517 -
446 475 716 556 conquererentur
744 471 869 555 palam,
897 468 1098 554 Meleagrum

86 563 262 646 aequatum
284 581 354 624 esse
376 559 556 625 Perdiccae.
593 558 737 637 Quorum
763 580 912 625 sermone
934 558 1099 644 Meleager
1117 571 1132 618 e

88 649 128 713 ad
156 670 190 714 se
216 649 319 714 relato
351 647 460 713 furens
488 649 538 714 ira
566 647 751 733 Perdiccae,
782 669 864 733 quae
891 648 1100 733 conperisset,

87 736 227 820 exponit
273 736 336 802 Ille
362 737 452 802 velut
473 757 557 802 nova
574 758 610 801 re
628 736 800 802 exterritus
819 737 985 820 admirari,
1008 737 1100 821 queri

87 825 291 910 dolentisque
323 827 463 910 speciem
490 829 652 892 ostentare
675 827 705 891 ei
733 825 852 910 coepit:
884 827 926 892 ad
948 826 1099 891 ultimum

88 914 250 998 convenit,
278 917 316 979 ut
346 914 681 1000 conprehenderentur
712 918 780 980 tam
812 915 984 981 seditiosae
1010 915 1098 980 vocis

88 1005 246 1068 auctores.
285 999 367 1087 Agit
388 1002 553 1088 Meleager
575 1004 696 1088 gratim
720 1003 948 1090 amplexusque
970 1004 1097 1070 Perdic-
1119 1013 1151 1060 10

88 1111 160 1153 cam
191 1089 289 1154 fidem
324 1089 393 1156 eius
424 1091 460 1155 in
491 1113 526 1158 se
558 1114 596 1157 ac
627 1091 879 1158 benivolentiam
916 1092 1099 1158 conlaudat

88 1178 171 1243 Tum
203 1179 365 1243 communi
393 1179 529 1246 oonsilio
560 1181 721 1246 rationem
754 1181 955 1265 opprimendi
972 1181 1098 1251 ‚noxios
1119 1189 1151 1236 11

87 1268 209 1333 ineunt.
242 1265 355 1332 Placet
377 1269 552 1334 exercitum
574 1270 681 1354 patrio
704 1290 795 1334 more
817 1269 957 1334 lustrari·
974 1272 1007 1334 et
1029 1288 1100 1352 pro·

87 1355 206 1422 babilis
239 1377 336 1423 causa
367 1357 539 1423 videbatur
569 1358 746 1442 praeterita
778 1358 947 1423 discordia.
996 1356 1152 1422 Mace-12

88 1445 207 1510 donum
243 1465 336 1531 reges
372 1445 434 1510 ita'
461 1447 600 1512 lustrare
637 1447 726 1512 soliti
768 1451 861 1513 erant
896 1447 1032 1531 milites,
1063 1448 1101 1509 ut

88 1534 241 1600 discissae
264 1534 354 1599 canis
377 1535 502 1600 viscera
524 1535 638 1601 ultimo
661 1536 696 1599 in
718 1556 847 1620 campo,
873 1535 907 1599 in
930 1556 1027 1620 quem
1049 1532 1100 1598 de-

88 1622 256 1687 duceretur
279 1622 451 1708 exercitus,
475 1624 517 1688 ab
539 1627 675 1708 utaque
699 1624 863 1690 abicerent
884 1627 990 1708 parte,
1013 1622 1101 1687 iutra

88 1709 122 1773 id
143 1708 286 1792 spatium
309 1710 428 1776 armati
451 1731 562 1776 omnes
585 1714 724 1796 starent,
748 1711 826 1776 hinc
848 1712 985 1795 equites,
1007 1710 1100 1774 illinc

39 1797 240 1882 29phalann
288 1796 404 1882 Itaque
436 1819 473 1863 eo
506 1798 571 1882 die,
602 1819 699 1882 quem
729 1798 806 1863 huic
837 1819 928 1864 sacro
959 1797 1099 1862 destina·
1120 1807 1153 1855 13

89 1890 215 1969 verant,
247 1905 304 1949 rex
336 1906 408 1950 cum
442 1886 602 1970 equitibus
634 1886 880 1970 elephantisque
911 1885 1101 1951 constiterat

90 1978 203 2040 contra
224 1972 363 2058 pedites,
387 1974 458 2059 quis
481 1974 646 2060 Meleager
667 1979 824 2059 praeerat.
859 1973 931 2040 Iam
953 1977 1100 2059 equestre
1120 1981 1154 2030 11

90 2082 208 2147 agmen
231 2063 422 2128 movebatur
442 2065 476 2127 et
496 2063 635 2148 pedites,
658 2064 767 2128 subita
788 2063 961 2129 formidine
986 2064 1028 2128 ob
1051 2085 1099 2128 re·

89 2155 215 2216 centem
247 2150 442 2217 discordiam
476 2151 563 2216 haud
595 2173 671 2216 sane
703 2153 811 2236 pacati
843 2153 1015 2241 quiequam
1049 2172 1101 2216 ex-

88 2243 266 2323 pectantes,
293 2261 468 2323 parumper
493 2238 735 2318 addubitavere,
762 2262 803 2305 an
831 2239 865 2304 iu
892 2241 1005 2305 urbem
1028 2239 1101 2304 sub-

89 2330 242 2393 ducerent
268 2327 392 2411 copias:
423 2326 542 2411 quippe
568 2349 628 2410 pro
656 2327 821 2411 equitibus
845 2328 998 2410 planities
1021 2331 1100 2391 erat.

89 2415 242 2482 Ceterum
265 2415 374 2500 veriti,
399 2436 439 2480 ne
461 2418 583 2481 temere
606 2414 865 2480 commilitonum
891 2414 989 2479 fidem
1012 2413 1153 2477 dam-1⁶

88 2509 217 2590 nerent,
245 2503 418 2570 substitere
444 2503 646 2589 praeparatis
672 2502 712 2567 ad
735 2502 951 2568 dimicandum
975 2501 1101 2584 animis,

91 2595 215 2678 siquis
238 2594 304 2657 vim
327 2592 470 2658 inferret
505 2592 575 2673 Iam
598 2591 730 2675 agmina
752 2591 884 2655 coibant
903 2611 1100 2674 parvumque

89 2682 296 2747 intervallum
339 2683 420 2764 erat,
461 2679 547 2764 quod
589 2679 690 2744 aciem
728 2682 899 2763 utramque
936 2678 1101 2742 divideret.

88 2768 203 2852 Itaque
229 2789 287 2834 rex
314 2790 388 2832 cum
415 2788 480 2831 una
508 2767 561 2832 ala
588 2767 776 2852 obequitare
799 2767 961 2850 peditibus
985 2765 1101 2849 coepit,
1121 2775 1154 2824 16

90 2855 269 2922 discordiae
292 2860 455 2939 auctores,
478 2877 559 2940 quos
579 2855 664 2921 tueri
680 2856 750 2940 ipse
768 2855 920 2937 debebat,
943 2854 1101 2920 instinctu

90 2945 260 3011 Perdiccae
280 2945 320 3010 ad
338 2944 498 3028 supplicia
516 2945 704 3028 deposcens:
723 2944 970 3028 minabaturque
990 2965 1100 3009 omues
1187 2959 1190 2963 ’

90 3040 213 3099 turmas
245 3055 318 3099 cum
351 3033 532 3116 elephantis
560 3033 765 3098 inducturum
794 3055 829 3098 se
851 3033 886 3097 in
907 3035 1101 3097 recusantes.

90 3122 274 3208 Stupebant
303 3121 468 3206 inproviso
499 3121 587 3187 malo
618 3122 744 3206 pedites
776 3143 836 3186 neo
865 3121 939 3205 plus
967 3119 1002 3184 in
1028 3120 1101 3204 ipso
1121 3130 1153 3178 17

89 3210 254 3295 Meleagro
278 3214 349 3275 erat
372 3213 429 3274 aut
451 3210 578 3275 consilii
600 3213 657 3274 aut
680 3209 789 3275 animi.
825 3208 1039 3274 Tutissimum
1063 3230 1102 3272 ex

89 3300 314 3382 praesentibus
337 3298 508 3363 videbatur
530 3301 697 3382 expectere
721 3298 831 3382 potius
854 3319 951 3382 quam
973 3317 1102 3362 movere

88 3386 262 3452 fortunam.
312 3386 396 3452 Tum
426 3386 591 3471 Perdicca,
624 3389 661 3452 ut
687 3389 852 3470 torpentes
882 3389 916 3450 et
945 3385 1102 3451 obnoxios
1122 3396 1154 3443 18

89 3475 184 3560 vidit,
213 3491 276 3542 coo
299 3475 380 3559 fere,
407 3475 462 3560 qui
491 3475 691 3560 Meleagrum
714 3477 934 3559 erumpentem
962 3497 1001 3540 ex
1028 3495 1102 3538 oon-

88 3565 191 3647 tione,
220 3586 302 3649 quae
327 3563 436 3648 prima
456 3564 572 3629 habita
595 3568 645 3629 est
667 3566 894 3648 postmortem
915 3560 1103 3636 Alexandri,
