2422 3892
135 154 176 217 14
507 152 540 215 o.
560 149 774 205 enarratam

133 298 174 362 ad
197 295 428 379 explorandum
449 295 512 358 iter
531 295 643 377 saltus,
665 314 724 376 per
747 314 842 377 quem
863 292 904 357 ad
922 293 1036 358 urbem
1054 293 1151 361 Isson

99 386 263 457 rnomine
291 383 525 468 penetrandum
552 384 631 447 erat.
675 380 784 465 Atque
810 381 866 446 ille
895 382 1055 466 angustiis
1080 384 1152 449 eius

136 473 299 556 oeoupatis
332 474 365 536 et
396 470 558 555 praesidio
590 469 716 535 modioo
749 468 862 534 relicto
894 469 991 534 Isson
1022 493 1151 556 quoque

135 562 296 626 desertam
324 583 344 625 a
369 557 519 624 barbaris
543 561 681 641 ceperat.
725 557 803 622 Inde
827 577 1019 643 progressus
1043 559 1152 624 detur·

133 650 237 732 batis,
273 649 329 732 qui
359 648 516 712 interiora
546 646 706 711 montium
738 646 946 730 obsidebant,
977 648 1151 730 praesidiis

135 741 251 803 cuneta
277 736 419 801 firmavit
446 739 666 818 occupatoque
688 734 817 818 itinere,
846 734 930 800 siout
950 735 1049 819 paulo
1074 739 1151 800 ante

100 827 258 897 adiutum
288 827 353 907 est,
384 823 468 887 idem
497 827 530 887 et
557 827 670 887 auctor
696 827 729 887 et
751 822 894 887 nuntius·
912 823 1028 887 venit'
1054 823 1152 889 Isson

135 913 247 978 deinde
266 933 323 976 rex
342 913 452 995 copias
471 911 627 999 admovit:
650 911 708 975 ubi
727 911 861 976 oonsilio
880 906 1004 995 habito,
1026 915 1151 978 utrum-

134 1023 175 1066 ne
197 1001 284 1065 ultra
306 1000 575 1086 progrediendum
592 999 686 1082 foret,
710 1021 752 1062 an
771 999 818 1063 ibi
837 999 1024 1082 opperiendi
1040 1003 1151 1065 essent

126 1090 211 1170 ,novi
232 1089 366 1173 milites,
394 1111 474 1173 quos
498 1110 538 1153 ex
559 1086 750 1152 Macedonia
773 1087 946 1152 adventare
969 1086 1152 1173 constabat,

135 1177 305 1243 Parmenio
328 1199 395 1242 non
416 1177 517 1241 alium
538 1176 645 1241 locum
668 1175 791 1258 proelio
810 1176 971 1259 aptiorem
990 1197 1061 1241 esse
1078 1197 1152 1242 oen·

100 1268 237 1336 osebat
287 1264 413 1349 Quippe
449 1265 515 1330 illio
550 1265 718 1349 utriusque
752 1264 839 1349 regis
872 1265 983 1348 copias
1015 1286 1150 1331 numero

135 1355 262 1420 futuras
275 1377 394 1436 pares,
417 1374 491 1418 oum
514 1353 682 1437 angustiae
706 1351 944 1416 multitudinem
966 1374 1034 1419 non
1057 1374 1151 1436 eape-

136 1446 217 1507 rent.
261 1442 434 1506 Planitiem
463 1440 544 1522 ipsis
575 1461 771 1523 camposque
799 1461 870 1506 esso
897 1441 1062 1525 vitandos,
1093 1441 1153 1506 ubi

136 1528 313 1612 circumiri,
339 1528 397 1592 ubi
424 1527 559 1611 ancipiti
588 1528 656 1591 aoie
684 1528 824 1611 opprimi
845 1532 995 1611 possent:
1027 1529 1152 1615 timere,
1200 1562 1203 1567 ’

135 1639 177 1681 ne
199 1639 265 1682 non
287 1617 407 1680 virtute
429 1611 588 1699 hostium,
612 1615 667 1679 sed
689 1616 880 1682 lassitudine
905 1639 964 1681 sua
987 1617 1153 1683 vinceren-

136 1709 203 1770 tur:
226 1703 342 1769 Persas
361 1707 505 1769 recentes
520 1702 654 1769 subinde
669 1725 882 1789 suooessuros,
901 1705 930 1769 si
942 1705 1048 1770 laxius
1063 1709 1157 1770 stara

86 1815 119 1865 10
137 1794 329 1878 potuissent.
374 1791 482 1857 Facile
509 1792 593 1857 ratio
617 1795 685 1856 tam
708 1792 847 1858 salubris
870 1792 997 1858 consilii
1019 1797 1154 1878 aeoepta

137 1885 196 1947 est
245 1882 359 1964 Itaque
394 1881 479 1945 inter
516 1880 683 1964 angustias
716 1881 818 1945 saltus
849 1880 978 1946 hostem
1011 1883 1154 1966 opperiri

139 1970 263 2035 statuit.

88 2079 118 2127 11
226 2056 309 2121 Erat
331 2057 366 2120 in
388 2057 529 2122 exercitu
551 2056 637 2141 regis
661 2054 790 2121 Sisenes
813 2056 938 2123 Perses.
980 2054 1152 2134 Quondam
1165 2063 1201 2129 18

139 2167 165 2209 a·
181 2149 330 2229 praetore
352 2144 498 2230 Aegypti
522 2144 642 2209 missus
666 2144 708 2209 ad
729 2144 917 2229 Philippum
939 2145 1096 2230 donisque
1121 2150 1155 2213 et

139 2233 228 2297 omni
259 2231 383 2297 honore
415 2233 520 2298 cultus
553 2233 684 2296 exilium
716 2233 824 2316 patria
852 2234 927 2298 sede
955 2237 1154 2301 mutaveratz

140 2324 268 2386 secutus
292 2320 405 2385 deinde
427 2321 462 2385 in
479 2320 594 2385 Asiam
617 2320 837 2386 Alexandrum
859 2322 944 2386 inter
966 2322 1078 2388 fideles
1103 2345 1154 2389 so-

87 2430 119 2479 12
138 2410 206 2475 oios
238 2408 428 2474 habebatur.
473 2408 558 2474 Huie
584 2409 758 2493 epistolam
782 2407 945 2474 Cretensis
974 2411 1068 2476 miles
1097 2412 1154 2477 ob·

140 2498 303 2584 signatam
327 2497 437 2581 anulo,
461 2497 551 2562 euius
575 2497 703 2583 signum
724 2497 813 2561 haud
835 2519 912 2562 sane
935 2501 1050 2564 notum
1074 2503 1155 2586 erat,

138 2587 281 2654 tradidit
317 2584 534 2671 Nabarzanes,
556 2589 688 2668 praetor
701 2583 809 2664 Darei,
832 2586 966 2651 miserat
989 2608 1060 2652 eam
1078 2587 1154 2653 hor-

138 2677 332 2759 tabaturque
355 2673 513 2760 Sisenem,
545 2675 582 2738 ut
609 2673 740 2759 dignum
769 2673 889 2757 aliquid
910 2674 1083 2740 nobilitate
1106 2680 1155 2743 at·

140 2784 200 2845 que
227 2764 405 2827 maioribus
433 2763 500 2827 suis
528 2761 649 2826 ederet:
679 2782 797 2845 magno
825 2762 858 2826 id
881 2762 911 2827 ei
935 2763 1021 2846 apud
1043 2784 1156 2849 regem

88 2871 120 2920 13
139 2850 257 2915 honori
280 2849 358 2914 fore.
391 2850 461 2914 Has
484 2850 610 2914 litteras
634 2848 772 2934 Sisenes,
793 2853 907 2951 utpote
930 2850 1089 2937 innoxius,
1113 2853 1157 2919 ad

139 2937 359 3001 Alexandrum
378 2959 473 3022 saepe
491 2937 615 3001 deferre
632 2938 815 3023 temptavit,
835 2939 891 3002 sed
909 2960 982 3005 oum
1000 2941 1052 3004 tot
1068 2942 1155 3007 euris

75 3046 78 3053 ·
140 3029 361 3109 apparatuque
388 3025 467 3090 belli
493 3046 603 3109 regem
626 3025 749 3090 videret
771 3026 916 3112 urgueri,
948 3027 1055 3114 aptius
1079 3028 1156 3095 sub·

140 3115 214 3178 inde
241 3118 369 3196 tempus
396 3117 570 3196 expectans
595 3113 809 3198 suspicionem
831 3115 905 3179 initi
928 3116 1056 3180 scelesti
1079 3137 1157 3183 oon·

88 3202 205 3271 resilii
227 3201 384 3286 praebuit.
428 3199 576 3285 Namque
600 3201 752 3286 epistola,
777 3203 967 3286 priusquam
990 3209 1019 3269 ei
1042 3204 1156 3272 redde·

140 3295 241 3375 retur,
263 3291 298 3354 in
320 3312 434 3363 manus
457 3288 633 3355 Alexandri
655 3296 855 3376 pervenerat,
876 3293 1058 3376 laetamque
1082 3314 1157 3359 eam

142 3381 201 3460 [et]
230 3379 334 3464 ignoti
362 3379 451 3443 anuli
479 3379 586 3464 sigillo
615 3380 762 3462 inpresso
786 3377 891 3445 Siseni
919 3379 988 3444 dari
1012 3381 1158 3448 iusserat

88 3487 121 3537 15
141 3468 181 3531 ad
215 3467 448 3532 aestimandam
478 3467 575 3532 fidem
601 3467 742 3532 barbari.
792 3466 855 3544 Qui
882 3468 958 3552 quia
988 3489 1046 3553 por
1080 3490 1159 3536 eon·

117 3555 240 3631 plures
268 3556 338 3621 dies
359 3577 430 3624 non
454 3556 584 3624 adierat
604 3577 730 3643 regem,
759 3557 894 3622 seelesto
922 3557 1058 3623 oonsilio
1081 3579 1158 3625 eam
