2422 3892
423 783 471 883 Q.
498 781 690 867 OURTI
723 782 877 867 RUFI

521 935 773 991 HISTORIARUM

285 1098 725 1197 ALEXANDRI
765 1097 1029 1199 MAGNI

500 1287 792 1355 MACEDONIS

537 1444 646 1497 uranu
664 1444 749 1499 v1111.

584 1585 663 1652 Ocu.
685 1586 710 1650 Ι.

109 1728 123 1776 1
230 1711 427 1795 Alexander,
452 1714 521 1775 tam
548 1710 749 1774 memorabili
777 1710 913 1775 victoria
939 1711 1074 1801 laetus,
1104 1722 1183 1803 qual

144 1801 207 1865 sibi
228 1800 369 1865 Orientis
392 1799 466 1863 finis
486 1802 614 1880 apertos
638 1819 708 1862 esse
730 1798 896 1883 censebat,
918 1796 992 1865 Soli
1016 1803 1163 1871 victimis

143 1888 245 1953 caesis
274 1888 394 1951 milites
419 1907 556 1970 quoque,
579 1907 641 1968 quo
664 1886 917 1970 promptioribus
940 1890 1068 1956 animis
1094 1892 1163 1959 reli-

143 1997 207 2058 qua
229 1975 307 2039 belli
330 1974 471 2055 obirent,
494 1995 553 2054 pro
576 1974 724 2038 contione
746 1974 894 2039 laudatos
917 1975 1046 2063 docuit,
1072 1980 1162 2065 quid·

143 2061 220 2146 quid
237 2061 326 2125 Indis
344 2060 462 2125 virium
484 2059 614 2144 fuisset,
636 2061 694 2125 illa
712 2061 918 2127 dimicatione
935 2068 1161 2147 prostratum:

142 2153 249 2214 cetera
272 2149 415 2233 opimam
436 2148 589 2232 praedam
612 2148 681 2213 fore
700 2149 939 2233 celebratasque
962 2172 1046 2235 opes
1068 2155 1109 2221 in
1127 2178 1162 2221 ea

106 2254 122 2302 a
142 2238 274 2322 regione
293 2237 445 2320 eminere,
469 2258 565 2321 quam
588 2239 743 2319 peterent.
779 2236 919 2303 Proinde
937 2238 1008 2303 iam
1025 2242 1113 2309 vilia
1131 2248 1162 2309 et

143 2327 291 2391 obsoleta
315 2346 385 2391 esse
408 2324 512 2409 spolia
536 2324 575 2388 de
597 2323 718 2389 Persis:
742 2325 879 2408 gemmis
901 2329 1161 2417 margaritisque

143 2417 175 2478 et
205 2435 283 2479 auro
313 2418 408 2497 atque
437 2413 533 2477 ebore
560 2411 783 2477 Macedoniam
808 2412 1061 2500 Graeciamque,
1095 2440 1161 2486 non

107 2520 217 2569 asuas
244 2505 372 2566 tantum
403 2501 516 2565 domos
547 2501 706 2582 repletum
733 2501 789 2564 ire.
839 2500 935 2564 Avidi
966 2502 1100 2572 milites
1130 2511 1162 2573 et

141 2591 296 2674 pecuniae
328 2592 361 2654 et
392 2588 528 2672 gloriae,
561 2587 657 2651 simul
693 2588 770 2671 quia
800 2609 974 2672 numquam
1008 2612 1070 2658 eos
1106 2594 1160 2661 ad·

141 2678 282 2741 firmatio
302 2677 369 2739 eius
392 2675 567 2758 fefellerat,
590 2675 783 2758 pollicentur
804 2697 942 2760 operam.
982 2674 1159 2747 Dimissis-

142 2786 203 2848 que
227 2786 298 2829 cum
320 2764 406 2828 bona
429 2784 486 2846 spe
508 2763 638 2846 navigia
657 2763 856 2828 exaedificari
878 2764 981 2847 iubet,
1004 2769 1058 2849 ut,
1084 2790 1159 2837 cum

141 2856 245 2916 totam
278 2851 391 2914 Asiam
426 2850 691 2933 percucurrisse,
727 2851 824 2915 finem
854 2854 1029 2937 terrarum,
1065 2877 1160 2925 mare

106 2940 304 3009 cinviseret
349 2936 453 3001 Multa
480 2938 617 3002 materia
639 2938 764 3003 navalis
787 2939 822 3003 in
848 2940 1006 3022 proximis
1033 2946 1160 3011 monti·

141 3029 202 3093 bus
226 3030 308 3092 erat:
336 3047 435 3109 quam
456 3024 586 3090 caedere
610 3026 755 3109 adgressi
779 3026 1012 3111 magnitudinis
1041 3030 1160 3101 invisi·

107 3137 122 3183 a
141 3120 231 3181 tatae
246 3134 414 3198 repperere
429 3117 601 3197 serpentes.
633 3114 867 3180 Rhinocerotes
886 3136 1023 3201 quoque,
1035 3138 1161 3189 rarum

142 3204 220 3268 alibi
243 3202 378 3286 animal,
401 3202 436 3265 in
458 3202 560 3267 isdem
583 3203 747 3268 montibus
772 3205 873 3267 erant.
915 3200 1071 3271 ceterum
1096 3208 1162 3277 hoc

141 3313 259 3356 nomen
281 3290 383 3355 beluis
407 3290 543 3355 inditum
563 3313 583 3354 a
601 3290 747 3370 Graecis,
770 3291 927 3356 sermonis
951 3291 1021 3357 eius
1044 3294 1163 3381 ignari

107 3401 122 3448 c
142 3380 229 3445 aliud
256 3379 369 3464 lingua
391 3402 449 3444 sua
471 3381 637 3461 usurpant.
681 3377 751 3443 Rex
774 3379 897 3443 duabus
920 3377 1058 3447 urbibus
1083 3406 1163 3455 con·

131 3469 213 3535 ditis
247 3469 283 3537 in
323 3470 462 3558 utraque
499 3466 664 3549 fluminis,
698 3466 786 3550 quod
820 3472 1050 3547 superauerat,
1082 3476 1163 3557 ripa
