2422 3892
250 144 506 202 HISTORIARUM
524 145 742 200 ALEXANDRI
759 146 846 215 VIIII,
866 153 890 202 l.
910 153 934 202 8.
1030 146 1096 210 24Ἱ

84 293 168 374 tum,
199 290 286 354 inter
316 310 396 372 quos
434 293 526 354 erant
558 287 686 373 Graeci,
717 289 881 373 Dioxippo
913 290 1097 356 studebant

84 378 218 443 Macedo
237 378 324 442 iusta
343 399 434 442 arma
448 382 640 461 sumpserat,
659 400 786 443 aereum
801 378 949 461 clipeum,
967 379 1095 442 hastam

87 489 183 552 quam
211 467 349 531 sarisam
375 470 493 531 vocant
520 467 612 531 laeva
637 469 765 548 tenens,
792 467 924 530 dextera
949 467 1095 530 lanceam

86 554 260 639 gladioque
287 555 423 639 cinctus,
455 555 544 618 velut
572 555 815 642 cumpluribus
844 555 940 619 simul
965 555 1096 619 dimica-

85 648 185 708 turus.
222 642 404 726 Dioxippus
428 643 500 707 oleo
523 642 630 707 nitens
652 647 685 707 et
703 645 874 708 coronatus
893 643 987 708 laeva
1005 642 1096 727 puni·
1114 658 1152 706 ac

86 752 177 795 ceum
200 731 388 815 amiculum,
410 731 522 796 dextra
545 731 688 795 validum
710 732 930 817 nodosumque
950 733 1095 816 stipitem

84 819 296 904 praeferebat
331 819 382 884 Ea
403 820 477 902 ipsa
493 841 545 884 res
564 820 708 884 omnium
727 821 852 885 animos
872 821 1095 903 expectatione

88 907 310 992 suspenderat,
334 908 453 991 quippe
472 911 597 972 armato
616 908 769 993 congredi
786 908 907 973 nudum
925 909 1097 992 dementia,

85 1018 150 1061 non
172 996 338 1061 temeritas
362 996 541 1061 videbatur.
585 995 692 1080 Igitur
709 995 851 1081 Macedo,
873 997 959 1060 haud
978 997 1095 1062 dubius
1114 1011 1147 1059 21

87 1084 210 1148 eminus
229 1083 366 1148 interfici
379 1104 484 1168 posse,
501 1085 647 1149 lanceam
662 1084 782 1149 emisit:
802 1106 899 1169 quam
913 1085 1095 1169 Dioxippus

86 1193 158 1235 cum
186 1172 302 1256 exigua
329 1172 473 1254 eorporis
501 1172 715 1237 declinatione
743 1172 892 1255 vitasset,
923 1177 1096 1256 antequam

85 1259 141 1323 ille
168 1260 299 1324 hastam
322 1259 515 1324 transferret
537 1261 571 1324 in
594 1260 749 1344 dextram,
773 1260 905 1325 adsiluit
928 1264 961 1323 et
983 1261 1097 1344 stipite

86 1347 225 1412 mediam
248 1369 320 1412 eam
338 1347 447 1431 fregit.
486 1348 617 1413 Amisso
636 1353 773 1433 utroque
792 1349 856 1413 telo
875 1347 1008 1413 Macedo
1028 1349 1095 1431 gla-
1114 1361 1149 1411 aa

87 1436 174 1500 dium
201 1440 352 1518 coeperat
378 1437 546 1520 stringere.
597 1436 698 1512 Quem
724 1441 914 1521 occupatum
938 1437 1096 1520 conplexu

84 1524 220 1607 pedibus
238 1529 370 1609 repente
383 1525 549 1589 subductis
565 1525 746 1610 Dioxippus
761 1526 913 1591 arietavit
926 1526 961 1589 in
974 1530 1097 1589 terram

85 1615 259 1695 ereptoque
286 1613 401 1695 gladio.
421 1613 535 1696 pedem
562 1636 658 1697 super
685 1614 841 1680 cervicem
864 1613 984 1677 iacenti
1004 1616 1096 1696 inpo-

86 1700 160 1782 suit,
183 1701 329 1783 stipitem
351 1701 518 1764 intentans
543 1701 800 1785 elisurusqueeo
818 1702 950 1784 vietum,
972 1702 1006 1764 ni
1025 1722 1098 1782 pro-

84 1787 208 1852 hibitus
236 1791 323 1851 esset
346 1808 366 1850 a
387 1808 472 1872 rege.
517 1788 635 1852 Tristis
664 1788 842 1871 spectaculi
870 1792 1003 1852 eventus
1030 1809 1097 1851 non
1115 1801 1149 1850 23

85 1875 315 1940 Macedonibus
333 1875 439 1960 modo,
462 1875 635 1940 sedetiam
656 1875 842 1940 Alexandro
861 1875 933 1956 fuit,
955 1875 1097 1939 maxime

87 1963 163 2048 quia
181 1963 312 2028 barbari
330 1963 514 2027 adfuerantz
533 1964 652 2047 quippe
671 1964 867 2028 celebratam
884 1961 1097 2028 Macedonum

85 2051 309 2117 fortitudinem
337 2051 378 2115 ad
400 2051 577 2116 ludibrium
607 2053 760 2117 recidisse
783 2051 964 2116 verebatur.
994 2051 1096 2116 ¹Hinc
1114 2066 1152 2114 24

87 2138 127 2204 ad
145 2140 404 2205 criminationem
417 2140 598 2205 invidorum
613 2141 786 2226 adapertae
801 2143 877 2205 sunt
890 2140 978 2224 regis
993 2161 1098 2205 aures.

85 2227 131 2292 Et
157 2232 233 2311 post
255 2249 375 2310 paucos
399 2229 466 2294 dies
490 2229 576 2293 inter
597 2231 707 2312 epulas
732 2250 864 2294 aureum
884 2228 1034 2311 poculum
1057 2249 1096 2292 ex

85 2318 253 2399 conposito
268 2315 457 2382 subducitur
474 2317 687 2401 ministrique,
703 2317 796 2400 quasi
810 2315 996 2380 amisissent
1011 2316 1096 2400 quod

85 2408 286 2488 amoverant,
308 2425 419 2489 regem
442 2405 570 2470 adeunt.
621 2403 722 2488 Saepe
744 2405 850 2468 minus
874 2407 924 2467 est
946 2406 1095 2467 constan·
1114 2417 1150 2466 ac

84 2494 149 2558 tiae
177 2494 212 2557 in
234 2494 351 2558 rubore
375 2515 472 2577 quarn
495 2493 530 2557 in
554 2494 655 2575 culpa.
701 2488 892 2556 Coniectum
920 2492 1096 2573 oculorum,

85 2582 203 2662 quibus
220 2585 258 2645 ut
276 2582 329 2645 fur
350 2580 580 2662 destinabatur,
601 2579 782 2662 Dioxippus
801 2578 885 2642 ferre
903 2600 969 2644 non
987 2578 1097 2661 potuit

86 2670 132 2750 et,
155 2689 228 2731 cum
251 2669 443 2732 excessisset
461 2668 622 2751 convivio,
645 2667 764 2731 litteris
783 2667 989 2749 conscriptis,
1013 2688 1096 2750 quae

84 2755 155 2839 regi
177 2752 398 2838 redderentur,
420 2754 506 2819 ferro
526 2777 561 2820 se
579 2755 752 2820 interemit.
789 2754 939 2820 Graviter
956 2759 1095 2819 mortem
1114 2768 1156 2818 aa

86 2841 154 2906 eius
176 2843 256 2906 tulit
277 2862 346 2926 rex,
369 2843 555 2907 existimans
578 2843 811 2927 indignationis
835 2863 917 2927 esse,
940 2864 1006 2907 non
1024 2864 1097 2927 pae-

84 2930 243 2995 nitentiae
270 2932 403 3013 testem,
430 2931 541 3016 utique
567 2935 741 3015 postquam
767 2931 851 2995 falso
873 2931 1097 2996 insimulatum

86 3041 159 3084 eum
182 3019 319 3083 nimium
341 3018 525 3084 invidorum
549 3020 703 3105 gaudium
725 3019 877 3085 ostendit.

498 3178 576 3244 cna.
599 3143 688 3244 vm.

31 3280 76 3347 30
173 3283 327 3349 Indorum
350 3285 451 3369 legati
474 3283 599 3350 dimissi
621 3285 733 3350 domos
757 3285 866 3369 paucis
889 3290 964 3368 post
984 3285 1097 3351 diebus
1116 3298 1133 3347 1

85 3391 158 3436 cum
181 3373 273 3437 donis
296 3376 510 3438 revertuntur.
553 3389 616 3440 ccc
640 3376 732 3438 erant
755 3373 888 3457 equites,
910 3391 1010 3438 nxxx
1029 3396 1098 3439 cur·

84 3481 153 3544 rus,
182 3482 262 3545 quos
290 3461 474 3550 quadriiugi
497 3464 572 3550 equi
596 3462 773 3548 ducebant,
788 3462 904 3526 l‘meae
921 3463 1034 3524 aestus
1052 3461 1117 3518 axx-

73 3553 241 3635 quantum,
264 3551 359 3620 mille
384 3557 480 3623 scuta
503 3552 624 3625 Indica
648 3558 686 3623 et
704 3553 791 3621 terri
813 3548 956 3616 canum
966 3543 1109 3605 talenta
1122 3543 1191 3590 aa·
