2408 3900
252 159 505 214 HISTORIARUM
523 161 737 232 ALEXANDRL
753 161 787 228 X,
805 169 830 216 3.
850 170 874 215 4.
1000 162 1064 224 267

54 323 142 384 quos·
170 302 272 367 adhuc
308 304 445 385 pristina
477 326 561 368 noxa
597 305 753 369 iudicaret
786 327 856 370 esse
891 310 1066 389 contactos,

54 391 181 454 iuberet
194 392 362 461 interfici:
399 392 513 456 offerre
541 412 575 455 se
603 414 740 477 corpora
767 393 849 477 irae,
881 394 1066 458 trucidaret.

57 479 195 542 Tandem
222 499 300 560 prae
327 480 427 544 cloiam
453 482 507 545 oia
533 481 643 544 mentis
669 486 815 563 compotes
842 482 977 546 rinioersi
1000 502 1066 546 con·

55 573 186 631 currunt
207 569 250 631 od
272 570 388 650 rapiam
405 570 560 649 armisque
581 574 653 633 ante
671 570 754 650 fores
770 572 914 650 proiectis
936 571 1067 646 tunicati

54 656 211 720 adstantes
232 657 318 720 nudo
340 661 369 720 et
381 657 520 721 ‘obnonia
536 658 646 738 poenis
668 677 796 738 corpora
817 659 942 723 admitti
962 658 1067 738 fianta

55 744 195 808 orabant.
233 744 306 808 Nm
332 763 365 810 se
386 746 553 827 deprecari,
580 747 656 827 proin
677 746 837 827 suppliciis
858 747 993 811 sontium
1016 766 1065 810 ea·

48 833 228 915 piarentur,
263 853 342 913 quae
373 853 429 914 per
464 835 687 898 contumaciam
722 834 925 916 deliqrussent.
973 833 1067 916 Rapis

56 921 252 985 iracundiam
286 921 346 985 sibi
380 927 476 985 morte
512 923 677 986 tristiorem
713 941 781 987 esse.
833 921 968 1005 Cumque
1003 923 1067 987 dies

55 1014 211 1088 noctesque
247 1014 318 1077 onte
353 1011 469 1090 rapiam
504 1011 697 1090 persistentes
732 1011 901 1075 miserabili
935 1011 1067 1075 clamore
1179 1077 1184 1086 ,

55 1095 220 1176 habituque
236 1099 459 1176 paenitentiam
476 1118 567 1162 suam
584 1097 796 1179 adprobarem,
818 1100 944 1164 biduum
965 1105 1067 1163 tamen

56 1184 202 1248 advorsus
223 1183 415 1250 humillimas
432 1206 557 1251 morum
571 1207 672 1267 preces
690 1188 856 1252 iracundia
873 1189 954 1269 repis
972 1188 1065 1250 dura·
1126 1261 1129 1267 ,

55 1272 109 1336 vit.
155 1272 258 1336 Tertio
280 1274 328 1337 die
349 1273 445 1338 antus
466 1275 639 1338 constantia
660 1276 833 1357 simplicum
849 1277 999 1357 procmsit
1020 1277 1067 1340 in-⁴

56 1364 219 1440 cusataque
250 1361 357 1425 leniter
387 1364 534 1427 concitus
564 1364 756 1429 immodestia
780 1383 843 1428 non
869 1365 936 1429 sine
961 1364 1068 1428 miritis

55 1450 209 1530 utrimque
240 1449 377 1514 laeumis
403 1451 438 1514 in
462 1452 600 1532 pratiam
625 1471 657 1515 se
683 1471 752 1516 cum
779 1452 855 1533 ipsis
881 1453 980 1517 redire
1008 1471 1067 1532 pro

54 1537 153 1616 fessus
184 1541 234 1601 est.
278 1537 387 1620 Dipna
415 1545 516 1603 tamen
542 1559 591 1604 res
616 1541 684 1604 risa
710 1545 769 1623 est„
794 1561 872 1621 qliae
898 1539 1068 1604 maioribus

56 1625 163 1690 bestiis
184 1626 366 1706 captaretur.
404 1627 515 1707 Itaqin
537 1629 689 1709 sacrificio
711 1629 872 1710 mapniflce
893 1612 1069 1710 perpetrato

56 1714 263 1778 Macedonum
293 1715 387 1779 simul
418 1714 643 1795 Persarumque
670 1717 822 1796 primores
854 1717 997 1780 inuitauit
1027 1717 1070 1779 od

55 1803 169 1884 epulas.
215 1802 332 1867 Novem
354 1803 444 1866 milia
466 1823 499 1868 eo
522 1803 657 1867 conuicio
680 1804 826 1884 encepme
847 1805 1008 1884 proditum
1025 1808 1069 1867 est
1110 1858 1114 1867 .

56 1892 220 1954 memoriae
245 1911 350 1972 eosque
379 1909 482 1955 omnes
503 1892 654 1955 incitante
675 1911 743 1972 repe
765 1911 802 1956 en
823 1893 927 1956 mdcm
949 1896 1068 1955 cratera

57 1978 209 2061 libauisse,
241 1977 369 2044 Graecis
400 1979 597 2060 barbarismis
628 1979 748 2045 oatibm
779 1983 844 2043 trem
871 1980 938 2043 alia
957 1982 1068 2059 ‘fausta

57 2070 127 2128 cota
151 2068 374 2150 praeermtibns,
397 2072 463 2132 tum
484 2069 630 2148 inprimis
652 2073 688 2131 nt
708 2069 867 2147 utriusque
882 2068 1011 2149 imperii
1032 2068 1068 2132 ,in

57 2154 138 2217 idem
156 2174 263 2234 corpus
281 2157 385 2220 coaliti
406 2156 531 2221 societas
548 2161 697 2237 perpetua
717 2156 804 2235 foret.
836 2154 1003 2220 Maturata
1020 2157 1068 2220 de
1180 2185 1184 2198 ·

58 2243 130 2306 inde
147 2246 191 2305 est
207 2243 311 2306 missio
330 2248 358 2306 et
370 2244 603 2324 infirmissimus
616 2245 742 2325 quisque
754 2245 951 2308 eaauctorati.
979 2244 1068 2307 Ami·

58 2349 163 2394 carina
180 2349 296 2412 quoque
312 2331 467 2395 animiam
484 2332 666 2412 quibusdam
684 2333 883 2396 commeatum
897 2332 985 2395 dedit.
1014 2331 1069 2395 En

25 2470 28 2475 .
56 2418 127 2501 pars
149 2415 257 2497 Clitus,
279 2424 469 2501 capnornento
488 2420 596 2503 Albus,
618 2418 808 2501 Gorpiasque
829 2424 859 2483 et
880 2418 1068 2500 Polpdamas

56 2513 86 2572 et
102 2506 269 2589 Antipenes
288 2507 382 2586 fuere.
418 2507 609 2572 Abeuntibus
631 2527 694 2572 non
717 2509 805 2573 modo
820 2508 980 2589 praeteriti
998 2511 1068 2570 tem·

53 2597 141 2677 poris
164 2597 317 2677 stipendia
339 2615 408 2659 cum
429 2596 490 2676 fide
505 2596 661 2676 persolvit,
683 2615 788 2660 oerum
810 2597 903 2660 etiam
922 2596 1068 2660 nuatum

57 2683 170 2747 adiecit
186 2683 221 2746 in
238 2683 374 2764 sinpulos
391 2684 503 2747 milites
519 2683 625 2747 viatici
641 2685 772 2748 nomine.
808 2683 911 2748 Filios
924 2681 1067 2748 ea'Asia·

59 2771 127 2834 ticis
149 2770 298 2835 nuembus
318 2775 469 2850 susceptos
488 2806 527 2817 -
546 2772 591 2837 ad
605 2773 703 2836 decem
721 2772 811 2836 milia
826 2772 924 2852 risisse
941 2772 1067 2836 tradun-

58 2864 110 2923 tur
133 2894 173 2903 -
198 2860 283 2940 apud
307 2879 338 2924 se
360 2859 494 2941 relinqui
515 2860 618 2942 iussit,
642 2880 681 2924 ne
702 2861 738 2924 in
759 2860 977 2924 Macedoniam
1000 2880 1069 2924 cum

29 2947 235 3033 'parentibus
262 2949 445 3030 transpressi
470 2952 499 3012 et
524 2947 700 3031 contupibus
731 2948 889 3030 libaisque
910 2949 1092 3030 prioribus.

50 3030 202 3120 permisti
221 3036 365 3116 familias
385 3036 577 3119 simpulorum
600 3038 839 3102 contentionibus
860 3042 889 3101 ct
908 3037 1069 3101 discordiis

57 3126 222 3206 inplerent:
249 3124 309 3189 sibi
334 3144 426 3189 curae
450 3125 517 3205 fore
537 3126 707 3208 pollicitus,
734 3131 770 3190 ut
791 3126 897 3206 patrio
920 3145 1003 3188 more
1021 3125 1069 3188 in·

55 3214 158 3277 stituti
174 3214 306 3278 militiae
323 3219 405 3277 artes
423 3215 620 3281 edocerentur.
657 3215 713 3279 Ita
729 3233 826 3294 supra
844 3214 942 3276 decem
957 3217 1069 3277 oetero-

57 3320 170 3364 norum
195 3303 285 3366 milia
312 3303 442 3366 dimissa
468 3307 542 3366 sunt
563 3304 743 3382 additusque
766 3300 988 3381 estimatum,
1016 3302 1071 3382 qui

57 3406 108 3452 eos
134 3389 298 3467 deduceret,
325 3410 362 3454 en
384 3392 561 3471 praecipuis
587 3393 667 3472 repis
695 3389 812 3454 amaa.
858 3387 918 3454 (lui
941 3391 971 3455 si
996 3390 1072 3470 quid

57 3475 237 3539 humanitus
273 3478 441 3555 occidisset,
482 3477 696 3559 Polyperconti
729 3497 841 3557 parere
877 3479 956 3543 iussi
990 3482 1071 3541 suut.
1175 3501 1179 3508 ·

58 3563 186 3627 litteris
213 3563 304 3626 etiam
330 3565 373 3628 ad
394 3563 599 3647 Antipatrum
621 3564 744 3644 scriptis
766 3563 909 3628 bonomm
937 3565 1072 3627 emeritis
