2422 3892
289 143 543 200 fflsuonmnun
560 143 775 200 Αιιιιιιιιιιιι
792 144 844 214 ιιι,
864 150 905 200 ιο.
926 151 966 201 ιι.
1092 143 1134 208 21

121 289 219 354 armis
241 311 341 353 ‘arma
372 290 551 373 pulsarent,
587 309 755 354 mucrones
790 289 825 352 in
862 279 919 352 ora
951 289 1135 374 dirigerent.

120 375 199 442 Non
228 377 356 460 timido,
386 397 455 441 non
481 377 600 461 ignavo
628 399 752 442 cessare
779 380 850 441 tum
877 377 980 442 licuit:
1018 379 1135 443 collato

121 465 220 548 pede,
242 466 334 549 quasi
357 465 477 550 singuli
499 467 584 530 inter
607 488 641 530 se
664 465 866 550 dimicarent,
889 467 925 530 in
947 466 1059 531 eodem
1082 487 1135 531 ve·

124 553 221 637 stigio
254 554 398 638 stabant,
429 554 531 618 donec
562 554 718 619 vincendo
750 555 856 618 locum
889 554 952 619 sibi
982 553 1135 619 facerent

123 639 206 704 Tum
229 641 357 706 demum
380 661 456 730 ergo
478 643 714 726 promovebant
735 642 884 727 gradum,
912 664 985 707 cum
1007 641 1135 706 hostem
1153 655 1169 702 s

122 733 372 813 prostraverant.
416 730 463 794 At
492 731 566 795 illos
595 752 699 809 novus
727 731 919 815 excipiebat
932 731 1163 795 adversarius

121 817 290 902 fatigatos,
312 839 372 882 nec
394 819 567 901 uulnerati,
589 822 627 883 ut
649 806 728 882 alias
751 820 871 902 solent,
893 819 961 883 acie
983 814 1135 920 poterant

122 906 285 989 excedere,
317 929 390 970 cum
421 907 525 971 hostis
552 869 690 971 instaret
713 929 737 971 a
764 907 885 991 fronte,
917 910 1055 992 atergo
1084 907 1134 970 sui

68 992 284 1078 27urgerent.
261 994 512 1058 tAlexander
541 1017 609 1060 non
627 995 731 1059 ⁴ducis
758 996 862 1078 magis
894 1017 991 1079 quam
1021 995 1168 1059 militisr

121 1082 233 1153 munia
265 1083 492 1166 exequebatur,
527 1083 669 1167 opimum
697 1083 792 1146 decus
819 1104 912 1147 caeso
939 1103 1014 1168 rege
1042 1104 1134 1167 expe·

121 1173 212 1234 tens·
244 1170 363 1252 quippe
384 1168 509 1234 Dareus
532 1193 627 1234 curru
651 1171 797 1235 sublimis
820 1171 989 1253 eminebat,
1012 1175 1044 1234 ct
1067 1171 1133 1271 suis

123 1256 165 1320 ad
188 1277 225 1320 se
245 1256 400 1321 tuendum
418 1261 452 1320 et
468 1257 617 1322 hostibus
636 1257 677 1321 ad
699 1257 956 1323 incessendum
947 1259 1131 1342 mgensin

122 1345 341 1408 citamentum.
383 1344 474 1429 Ergo
497 1345 645 1408 frater
619 1366 686 1408 elus
706 1344 877 1427 O'xathres,
901 1368 974 1410 cum
995 1345 1133 1410 Alexan·
1152 1361 1169 1410 8

122 1433 215 1497 drum
251 1433 374 1497 instare
406 1434 436 1496 ei
468 1425 624 1516 cerneret,
660 1433 811 1518 equites,
832 1395 948 1516 quibus
979 1438 1135 1519 praeerat,

123 1521 238 1584 ante
228 1543 335 1622 ipsum
367 1543 496 1585 currum
527 1520 613 1606 regis
641 1521 766 1586 obiecit.
820 1520 929 1586 Armis
959 1525 992 1586 et
1018 1523 1134 1586 robore

124 1610 273 1692 corporis
296 1609 435 1674 multum
462 1631 558 1692 super
585 1612 707 1674 ceteros
735 1610 893 1694 eminens,
925 1611 1034 1689 animo
1057 1631 1134 1675 vero

123 1701 157 1761 et
178 1698 299 1781 pietate
320 1698 356 1760 in
377 1698 489 1780 paucis
512 1697 664 1782 insignis,
694 1697 751 1762 illo
780 1698 891 1782 utique
918 1698 1040 1781 proelio
1071 1698 1134 1761 cla-

122 1807 189 1867 rus,
211 1785 291 1848 alios
313 1784 480 1867 inprovide
498 1785 657 1850 instantes
670 1786 855 1869 prostravit,
878 1786 960 1850 alios
972 1786 1008 1849 in
1021 1785 1135 1869 fugam

98 1908 99 1911 =
130 1873 254 1936 avertit.
294 1870 340 1936 At
361 1872 563 1974 Macedones,
584 1875 639 1956 qai
661 1874 746 1938 eirca
767 1894 877 1958 regem
900 1877 1000 1956 erant,
1023 1877 1168 1938 mutuas

124 1960 348 2025 adhortatione
375 1961 495 2026 firmati
522 1969 594 2026 eum
604 1963 703 2063 ipso.
720 1962 755 2026 in
780 1962 924 2046 equitum
947 1981 1064 2046 agmen
1086 1962 1134 2025 in-

122 2052 286 2132 rumpunt.
322 2049 406 2113 Tum
428 2071 504 2115 vero
523 2050 636 2115 similis
654 2051 768 2114 ruinae
789 2055 913 2137 strages
932 2053 1009 2114 erat.
1042 2047 1135 2114 Circa

124 2159 253 2202 currum
274 2121 373 2202 Darei
398 2138 548 2202 iacebant
569 2139 762 2203 nobilissimi
783 2139 893 2240 duces,
914 2142 1000 2202 ante
1023 2139 1134 2203 oculos

123 2227 210 2310 regis
246 2227 376 2310 egregia
407 2230 511 2291 morte
542 2227 700 2310 defuncti,
736 2248 846 2292 omnes
877 2225 911 2291 in
942 2249 1000 2291 ora
1030 2227 1135 2310 proni,

125 2314 208 2378 sicut
230 2314 419 2389 dimicantes
441 2315 691 2398 procubuerant,
714 2315 847 2380 adverso
871 2334 1003 2398 corpore
1026 2315 1134 2379 vulne·

124 2403 213 2466 ribus
241 2403 397 2488 acceptis.
433 2401 488 2466 hrt
474 2407 524 2467 ter
549 2404 609 2469 hos
632 2403 763 2487 Atizyes
791 2407 824 2467 et
846 2401 1072 2468 Rheomithres
1103 2405 1135 2466 et
1154 2419 1187 2466 ιο

125 2489 272 2574 Sabaces,
293 2494 425 2575 praetor
437 2489 591 2576 Aegypti
613 2513 805 2588 magnorum
828 2491 1024 2555 exercituum
1044 2511 1178 2572 prae·

122 2573 210 2661 fecti,
232 2579 490 2644 noscitabantur:
514 2581 599 2644 circa
621 2601 676 2644 eos
693 2578 861 2643 cumulata
884 2580 976 2641 erant
992 2577 1158 2659 peditum

124 2630 332 2750 equitumque
355 2668 522 2737 obscurior
543 2668 647 2731 turba.
682 2665 896 2730 Macedonum
919 2686 1045 2749 quoque
1068 2686 1136 2729 non

124 2752 1135 2925 ttttututethPtsstttttttittffittt
1196 2808 1198 2813 ’

123 2929 332 3014 perstrictum
361 2933 418 2994 est
462 2928 594 3014 Iamque
621 2931 676 3014 qui
698 2929 838 2994 Dareum
865 2929 1026 2995 vehebant
1053 2931 1135 3014 equi,
1155 2947 1186 2994 11

125 3018 268 3083 confossi
303 3018 408 3086 hastis
441 3021 474 3082 et
504 3018 613 3084 dolore
645 3019 767 3084 efferati
797 3019 911 3104 iugum
942 3022 1073 3103 quatere
1103 3022 1136 3082 et

125 3111 235 3191 regem
261 3129 357 3172 amru
380 3110 527 3172 excutere
548 3111 731 3192 coeperant:
763 3130 836 3172 cum
858 3107 912 3171 ille
935 3107 1071 3190 veritus,
1093 3127 1134 3170 ne

125 3196 217 3259 vivus
253 3195 389 3265 veniret.
408 3197 443 3260 in
473 3196 616 3261 hostium
647 3195 852 3280 potestatem,
888 3194 996 3259 desilit
1031 3196 1065 3258 et
1099 3194 1135 3258 in

127 3304 257 3368 equum,
284 3284 339 3367 qui
367 3284 408 3348 ad
434 3284 502 3350 hoc‘
523 3285 631 3367 ipsum
657 3286 864 3369 sequebatur,
892 3281 1061 3365 inponitur
1087 3282 1135 3345 in·

126 3371 274 3455 signibus
297 3393 422 3455 quoque
439 3373 575 3456 imperii,
597 3393 638 3436 ne
657 3373 767 3456 fugam
784 3370 965 3454 proderent,
987 3369 1135 3433 indecore

126 3459 270 3524 abiectis.
313 3459 396 3523 Tum
427 3482 503 3524 vero
536 3460 634 3524 ceteri
661 3460 858 3542 dissipantur
883 3461 974 3521 metu
999 3459 1049 3537 et,
1073 3478 1142 3537 upa
1155 3472 1197 3516 ιι.

100 3543 104 3550 ’
126 3548 240 3630 cuique
263 3546 304 3611 ad
325 3547 436 3632 fugam
453 3548 589 3633 patebat
601 3548 666 3636 via,
689 3543 1174 3635 erumpuntaxmaiac'xeu‘ces,
