2422 3892
116 141 180 206 132
485 138 517 205 Q.
536 136 647 192 CURTI
664 136 752 192 RUFI

116 286 200 370 quod
229 287 325 368 caput
352 305 446 349 suum
472 282 676 365 permisisset
703 281 779 345 fidei
806 280 911 346 adhuc
932 266 1134 365 inexpertae.

115 374 168 439 Ad
186 374 337 438 ultimum
351 370 492 436 aversari
510 372 614 434 scelus
632 372 892 452 perseverantem
906 371 1022 435 mortis
1038 377 1134 437 metu

65 485 98 532 ro
115 465 230 527 terret:
254 463 295 526 ab
318 460 377 525 illo
395 458 501 541 capite
519 457 703 523 coniuratos
726 457 979 542 pulcherrimum
1001 458 1133 525 facinus

65 574 96 620 11
117 549 334 616 incohaturus.
374 546 467 611 Alias
490 544 604 610 deinde
628 546 847 610 effeminatum
872 549 905 610 et
923 546 1134 613 muliebriter

115 639 279 720 timidum,
307 635 388 700 alias
415 633 614 719 proditorem
648 634 802 699 amatoris
829 634 1013 719 appellans,
1041 656 1133 702 nuno

117 727 262 813 ingentia
279 724 474 809 promittens
487 758 532 770 —
545 722 770 806 interdumque
787 741 923 806 regnum
942 743 1071 807 quoque
1086 761 1132 770 -

117 814 270 879 versabat
297 813 439 876 animum
466 814 559 875 tanto
586 810 728 876 facinore
754 811 866 894 procul
891 809 1133 878 abhorrentem.

67 925 99 972 ra
119 900 274 967 Strictum
300 900 414 965 deinde
441 897 585 984 gladium
613 898 709 964 modo
736 898 838 980 illius,
864 898 960 963 modo
988 920 1047 964 suc
1075 901 1134 965 ud-

117 1011 250 1054 movens
278 989 404 1073 iugulo,
437 987 572 1072 supplex
598 987 684 1052 idem
716 990 749 1050 et
779 986 929 1069 infestus,
962 989 1133 1072 expressit,

117 1082 154 1143 ut
181 1076 312 1142 tandem
339 1099 406 1142 non
438 1077 544 1141 solum
571 1075 751 1158 silentium,
782 1075 838 1139 sed
866 1075 964 1139 etiam
996 1096 1132 1158 operam

67 1188 100 1237 13
117 1167 333 1251 polliceretur.
355 1163 503 1248 Namque
513 1164 640 1228 abunde
651 1163 829 1228 constantis
844 1163 944 1227 animi
958 1166 991 1228 ct
1002 1163 1133 1248 dignus,

118 1256 174 1340 qui
192 1255 327 1339 pudicus
342 1257 435 1336 esset,
452 1252 536 1317 nihil
549 1273 589 1315 ex
606 1251 745 1336 pristine
757 1251 924 1316 voluntate
937 1255 1133 1337 mutaverat,

120 1344 175 1409 sed
208 1348 338 1427 captum
369 1341 489 1424 Dymni
517 1360 627 1404 amore
658 1340 833 1404 simulabat
860 1339 945 1403 nihil
971 1361 1132 1406 recusare.

67 1453 100 1500 14
119 1431 284 1495 Sciscitari
297 1428 371 1493 inde
389 1428 512 1513 pergit,
530 1448 602 1490 curn
622 1428 739 1511 quibus
751 1431 864 1492 tantae
877 1427 926 1492 rei
939 1429 1133 1493 societatem

118 1519 246 1581 inisset:
268 1517 443 1600 plurimum
464 1514 595 1597 referre,
618 1515 731 1598 quales
749 1515 810 1578 viri
832 1519 901 1579 tam
923 1517 1133 1581 memorabili

68 1628 101 1676 15
120 1605 210 1688 operi
229 1603 391 1669 admoturi
410 1624 523 1667 manus
543 1606 659 1667 essent.
694 1602 755 1666 Ille
774 1607 807 1667 et
825 1625 934 1668 amore
958 1608 991 1668 et
1009 1605 1132 1670 scelere

119 1694 204 1758 male
223 1714 320 1757 sanus
344 1691 440 1757 simul
458 1691 581 1775 gratim
600 1692 684 1776 agit,
705 1691 803 1755 simul
821 1692 1020 1776 gratulatur,
1043 1694 1133 1776 quod

118 1782 307 1847 fortissimis
329 1781 480 1846 iuvenum
503 1802 571 1845 non
593 1780 776 1844 dubitasset
798 1801 833 1843 se
856 1779 1043 1864 adiungere,
1066 1779 1131 1846 De-

119 1871 251 1955 metrio,
270 1871 414 1954 corporis
433 1868 559 1935 custodi
576 1868 750 1950 Peucolao,
767 1866 935 1933 Nicanori:
959 1868 1058 1934 adicit
1076 1869 1130 1934 his

118 1957 336 2043 Aphobetum,
352 1958 487 2040 Iolaum,
500 1956 693 2040 Dioxenum,
707 1955 924 2040 Archepolim,
939 1956 1131 2041 Amyntam.
1142 1961 1186 2026 26

67 2067 100 2116 ιθ
119 2045 171 2108 Ab
194 2046 256 2110 hoc
279 2067 425 2110 sermone
448 2043 600 2139 dimissus
623 2043 840 2109 Nicomachus
864 2044 905 2110 ad
926 2044 1062 2110 hatrem
1084 2083 1131 2094 -

120 2130 276 2197 Cebalino
295 2138 367 2197 crat
383 2153 503 2198 nomen
519 2168 556 2178 —
574 2153 656 2215 quae
674 2136 856 2216 acceperat,
874 2132 986 2200 defert
1018 2133 1132 2200 Placet

118 2221 226 2305 ipsum
258 2220 433 2286 subsistere
465 2221 500 2284 in
525 2220 748 2304 tabernaculo,
779 2243 834 2304 ne,
866 2220 894 2285 si
924 2222 1048 2306 regiam
1080 2222 1129 2287 in·

120 2313 252 2393 trasset,
275 2330 342 2374 non
364 2308 515 2374 adsuetus
539 2308 627 2372 adire
649 2329 773 2393 regem,
800 2309 960 2375 coniurati
981 2309 1129 2393 proditos

68 2418 99 2467 ιτ
120 2420 153 2462 se
180 2418 249 2463 esse
271 2398 489 2464 resciscerent.
528 2396 603 2481 Ipse
626 2394 800 2461 Cebalinus
828 2400 903 2462 ante
932 2397 1129 2463 vestibulum

118 2487 228 2571 regiae
257 2522 295 2533 -
325 2508 428 2571 neque
457 2486 542 2550 enim
573 2485 705 2569 propius
732 2484 839 2551 aditus
869 2485 900 2550 ei
925 2487 1062 2570 patebat
1087 2522 1126 2534 -

119 2575 283 2659 consistit,
314 2575 484 2660 opperiens
517 2573 658 2657 aliquem
685 2595 724 2637 ex
754 2574 861 2657 prima
888 2573 1021 2639 cohorte
1049 2575 1129 2639 ami·

69 2685 101 2733 18
120 2685 242 2748 corum,
263 2685 285 2728 a
308 2685 371 2748 quc
395 2664 649 2728 introduceretur
672 2662 712 2726 ed
734 2682 853 2746 regem.
888 2661 986 2727 Forte
1011 2663 1128 2729 ceteris

120 2752 261 2816 dimissis
280 2773 363 2817 unus
382 2750 542 2835 Philotas,
566 2749 788 2815 Parmenionis
809 2750 897 2815 filius
915 2751 1128 2816 -incertum

120 2860 215 2921 quam
240 2841 281 2903 ob
302 2861 432 2904 causam
451 2875 493 2888 —
514 2839 705 2905 substiterat
727 2840 762 2903 in
784 2840 883 2924 regia.
918 2837 1004 2904 Huic
1026 2837 1127 2905 cha-

120 2926 205 2991 linus
233 2947 288 2990 ore
317 2925 448 2991 confuso
477 2947 615 3010 magnae
646 2927 899 3012 perturbationis
915 2931 1023 3013 'notas
1049 2949 1128 3010 pree

119 3036 154 3078 se
180 3014 287 3078 ferens
315 3015 433 3097 aperit,
461 3037 542 3098 quae
568 3036 608 3079 ex
633 3015 735 3081 fratre
767 3019 969 3099 conpererat,
997 3019 1031 3081 et
1058 3015 1128 3080 sine

69 3123 100 3170 19
119 3102 276 3168 dilatione
298 3101 442 3166 nuntiari
464 3101 536 3189 regi
558 3102 658 3169 iubet.
702 3103 850 3170 Philotae
873 3103 1065 3170 conlaudato
1089 3124 1128 3169 eo

118 3192 267 3272 protinus
294 3190 397 3256 intrat
424 3190 466 3256 ad
488 3191 705 3257 Alexandrum
733 3193 899 3276 multoque
928 3194 1065 3258 invicem
1088 3191 1128 3257 de

119 3278 193 3343 aliis
220 3281 315 3344 rebus
339 3300 486 3345 sermone
509 3285 699 3364 consumpto
721 3281 805 3345 nihil
827 3302 951 3365 eorum,
978 3301 1061 3366 quac
1089 3302 1129 3344 ex

65 3385 99 3433 20
119 3363 274 3432 Cebalino
295 3372 503 3453 cognoverat,
520 3369 659 3434 nuntiat.
694 3367 759 3435 Sub
779 3390 946 3453 vesperam
965 3391 1038 3434 eum
1055 3390 1128 3452 pro·

117 3453 268 3521 deuntem
291 3457 326 3521 iri
349 3457 509 3522 vestibulo
532 3458 640 3542 regiae
664 3457 783 3540 excipit
806 3457 945 3542 iuvenis,
973 3479 1015 3523 an
1037 3478 1128 3522 man·

65 3563 97 3610 21
118 3542 228 3610 datum
265 3548 415 3610 executus
446 3544 545 3628 foret,
576 3545 751 3630 requirens.
805 3545 867 3610 Ille
900 3567 965 3611 non
995 3567 1128 3611 measse

216 3828 312 3854 Α
