2408 3900
266 162 521 217 HISTORIARUM
539 162 754 216 ALEXANDRI
771 162 806 222 X,
825 167 840 214 5
1002 163 1068 226 2'l3

55 308 161 391 Vigor
193 307 261 370 eius
294 310 327 370 et
357 307 467 370 vultus
496 306 659 370 educentis
687 307 722 370 in
748 306 908 389 proelium
936 307 1067 390 milites,

56 396 235 460 obsidentis
258 395 369 476 urbes,
394 394 558 458 evadentis
582 394 615 457 in
639 416 763 479 muros,
781 394 883 459 fortes
901 394 988 458 viros
1007 416 1065 477 pro

55 484 206 547 contione
230 483 380 548 donantis
404 483 614 547 occurrebant
633 482 744 547 oculis.
771 482 859 546 Tum
876 481 1066 546 Macedones
1087 495 1122 542 11

56 572 183 635 divinos
214 571 353 636 honores
385 591 521 654 negasse
554 571 584 634 ei
611 570 800 654 paenitebat
825 571 1007 655 impiosque
1035 573 1068 634 et

56 660 203 744 ingratos
221 659 321 723 fuisse
340 680 375 723 se
394 659 639 742 confitebantur,
659 659 744 743 quod
763 679 856 723 aures
875 659 944 723 eius
958 659 1069 723 debita

10 747 46 812 l6
57 748 275 832 appellatione
301 746 518 812 fraudassent.
563 746 609 810 nt
636 768 707 810 cum
735 747 789 811 diu
812 769 896 812 nunc
919 748 955 811 in
976 769 1069 812 vene-

56 836 193 920 ratione,
220 857 305 900 nune
331 837 365 898 in
394 832 552 899 desiderio
580 836 667 920 regis
695 835 890 919 haesissent,
921 836 956 899 in
978 834 1068 919 ipsos

56 945 150 989 versa
169 924 336 988 miseratio
360 926 419 989 est.
455 922 643 987 Macedonia
660 923 799 1005 profecti
817 925 906 988 ultra
922 923 1069 1008 Euphra·
1087 934 1121 985 12

56 1017 112 1076 ten
134 1013 170 1076 ia
188 1011 302 1075 mediis
323 1010 472 1075 hostibus
490 1032 610 1076 novum
628 1011 800 1096 imperium
820 1012 1068 1094 aspernantibus

57 1100 231 1163 destitutos
260 1120 295 1162 se
318 1120 387 1162 esse
411 1100 597 1182 cernebant,
624 1100 692 1163 sine
717 1104 805 1164 certo
828 1101 915 1184 regis
937 1099 1069 1165 herede:

59 1188 147 1267 [sine
179 1187 296 1250 herede
329 1188 439 1270 regni]
473 1188 618 1271 publicas
654 1188 740 1252 vires
772 1188 813 1251 ad
845 1211 879 1253 se
912 1209 1069 1272 quemque

58 1278 246 1340 tracturum.
295 1274 389 1339 Bella
424 1275 538 1339 deinde
571 1276 689 1359 civilia,
726 1297 808 1359 quae
841 1281 952 1340 secuta
984 1279 1122 1360 sunt,1a

59 1363 223 1433 mentibus
247 1364 500 1447 augurabantur:
527 1364 659 1445 iterum,
685 1386 752 1428 non
775 1364 814 1428 de
836 1384 938 1448 regno
962 1362 1070 1448 Asiae,

59 1451 113 1515 sed
142 1450 181 1514 de
208 1471 283 1534 rege
311 1451 391 1534 ipsis
419 1452 610 1536 sanguinem
638 1474 707 1517 esse
734 1452 947 1535 fundendum,
975 1453 1069 1516 novis

58 1538 244 1603 vulneribus
263 1543 388 1604 veteres
406 1540 602 1623 rumpendas
621 1540 800 1605 cicatricesz
819 1563 920 1624 senes,
938 1540 1070 1625 debiles,
1090 1551 1124 1598 14

59 1628 154 1691 modo
174 1627 277 1711 petita
295 1628 448 1691 missione
466 1649 487 1691 a
505 1629 591 1691 iusto
610 1648 697 1712 rege,
714 1650 800 1694 nuuc
818 1625 991 1693 morituros
1011 1651 1069 1710 pro

57 1716 205 1798 potentia
245 1714 384 1779 forsitan
421 1715 573 1778 satellitis
615 1715 749 1779 alicuius
786 1717 950 1799 ignobilis.
999 1715 1069 1780 Has
1090 1727 1123 1774 15

58 1804 274 1888 cogitationes
306 1802 511 1867 volventibus
543 1824 609 1867 nox
639 1803 824 1885 supervenit
850 1807 1071 1888 terroremque

59 1893 156 1956 auxit.
206 1891 328 1956 Milites
352 1892 386 1955 in
410 1891 509 1955 armis
531 1890 725 1974 vigilabant:
753 1890 927 1974 Babylonii
950 1892 1071 1956 aliuse

59 1980 173 2063 muris,
202 1981 285 2045 alius
314 1979 453 2044 culmine
481 1979 531 2043 sui
559 1979 694 2062 quisque
716 1979 796 2043 tecti
817 1979 1072 2062 prospectabant

60 2069 153 2149 quasi
180 2070 318 2133 certiora
340 2068 450 2132 visuri.
495 2065 564 2131 Nec
590 2066 761 2150 quisquam
784 2065 908 2131 lumina
932 2067 1125 2132 audebatis

60 2155 239 2219 accendere.
274 2157 320 2220 Et
342 2157 417 2240 quia
441 2156 608 2220 oculorum
632 2155 782 2219 cessabat
804 2176 896 2233 usus,
921 2155 1071 2220 fremitus

59 2263 218 2326 vocesque
237 2244 368 2308 auribus
396 2243 572 2326 captabant
599 2264 637 2307 ae
660 2244 852 2326 plerumque
874 2265 958 2308 vano
981 2247 1071 2307 metu

59 2331 166 2394 territi
197 2352 254 2413 per
286 2331 440 2395 obscuras
473 2331 620 2412 semitas,
652 2331 736 2396 alius
768 2331 825 2395 alii
857 2333 1072 2414 occursantes,

59 2421 196 2484 invicem
220 2419 363 2502 suspecti
387 2441 424 2483 ac
448 2418 581 2483 solliciti
600 2417 797 2484 ferebantur.
833 2418 951 2483 Persae
970 2419 1070 2483 comis
1091 2431 1124 2478 1⁷

60 2530 118 2573 suo
142 2529 231 2573 more
255 2507 398 2572 detonsis
421 2508 457 2571 in
474 2507 605 2590 lugubri
623 2511 713 2570 veste
731 2529 804 2571 cum
823 2507 1015 2592 coniugibus
1035 2528 1072 2571 ao

59 2597 170 2660 liberis
192 2617 256 2659 non
278 2598 315 2659 ut
332 2596 488 2659 victorem
508 2598 541 2658 et
559 2594 654 2659 modo
673 2596 811 2679 hostem,
835 2595 890 2659 sed
908 2599 947 2659 ut
964 2595 1072 2680 gentis

60 2705 138 2747 suae
161 2683 375 2746 iustissimum
397 2702 507 2766 regem
531 2704 605 2746 vero
630 2683 788 2748 desiderio
807 2683 972 2768 lugebant.
1008 2683 1072 2746 Ad·

61 2771 145 2835 sueti
168 2769 228 2834 sub
252 2791 327 2854 rege
350 2771 458 2834 vivere
481 2791 548 2834 non
569 2771 683 2854 alium,
706 2772 762 2855 qui
784 2772 961 2856 imperaret
982 2771 1073 2855 ipsis,

10 2863 48 2927 17
60 2859 241 2944 digniorem
259 2858 359 2923 fuisse
378 2859 621 2924 confitebantur.
656 2857 727 2923 Nec
744 2861 843 2924 muris
860 2860 950 2924 urbia
965 2860 1071 2924 luctus
1092 2871 1125 2920 18

61 2947 302 3028 continebatur,
330 2948 386 3011 sed
413 2947 593 3032 proximam
620 2948 786 3031 regionem
810 2949 851 3012 ab
880 2970 930 3031 ea,
959 2948 1072 3012 deinde

12 3100 14 3105 ⁴
61 3057 214 3120 magnam
232 3038 359 3119 partem
383 3034 482 3101 Asiae
505 3037 551 3102 cis
574 3035 767 3119 Euphraten
790 3036 869 3100 mali
891 3037 981 3100 fama
1001 3057 1072 3118 per·

60 3128 198 3190 vaserat.
244 3122 296 3188 Ad
326 3123 424 3188 Darei
452 3146 578 3208 quoque
604 3128 743 3189 matrem
771 3126 918 3190 celeriter
944 3123 1126 3206 perlatam

62 3216 121 3277 est.
166 3211 322 3278 Abscissa
344 3233 421 3298 ergo
445 3217 546 3296 veste,
575 3236 639 3297 qua
661 3213 776 3276 induta
796 3217 880 3292 erat,
902 3212 1071 3297 lugubrem

62 3301 202 3383 sumpsit
219 3301 430 3385 laceratisque
449 3301 592 3366 crinibus
610 3300 702 3365 humi
716 3321 831 3384 corpus
847 3300 974 3365 abiecit.
1006 3300 1072 3363 Ad·
1091 3314 1126 3361 20

62 3388 189 3453 sidebat
212 3389 242 3452 ei
265 3390 368 3455 altera
391 3411 429 3454 ex
451 3391 603 3476 neptibus
624 3410 727 3472 nuper
751 3389 905 3453 amissum
923 3388 1072 3472 Hephae-

62 3476 215 3559 stionem,
243 3477 293 3540 cui
315 3481 482 3562 nupserat,
505 3480 619 3564 lugens
643 3477 855 3562 propriasque
878 3499 992 3544 causas
1016 3476 1072 3539 do·

60 3564 141 3630 loris
164 3565 199 3628 in
222 3567 383 3631 communi
405 3567 571 3631 maestitia
593 3565 799 3632 retractabat.
843 3564 907 3632 Sed
928 3564 1077 3629 omnium
1089 3577 1132 3620 ‘aa

116 3677 299 3719 curtiusBurur.
893 3670 934 3718 &Q
