2422 3892
134 161 177 224 ιο
442 229 444 234 ,
498 159 537 227 o.
557 161 666 216 suan
684 111 771 216 auur
804 164 807 168 ’

134 306 335 391 domitaeque
362 326 466 389 nuper
478 304 633 370 Boeotiae
655 308 688 370 et
710 307 798 370 urbis
815 307 851 370 in
869 328 908 371 ea
923 307 1146 374 nobilissimae

134 396 174 459 ad
197 396 301 459 solum
324 394 449 458 dirutae
468 394 588 478 species
607 394 908 477 repraesentabatur
921 395 1046 460 animis.
1070 395 1146 461 -lan1

133 481 308 547 Granicum
335 503 475 564 amnem,
505 484 557 547 tot
587 483 682 547 urbes
709 485 766 546 aut
792 484 998 566 expugnatas
1025 486 1083 548 aut
1109 485 1146 548 in

20 578 22 583 '
132 571 227 635 fidem
250 574 406 655 acceptas,
429 566 547 654 omnia,
569 592 776 654 quaecunque
798 574 874 652 post
894 574 1024 654 tergum
1042 579 1145 655 erant,

99 662 237 727 astrata
263 664 297 724 et
318 658 454 743 pedibus
476 659 620 741 ipsorum
644 659 787 723 subiecta
809 659 1016 723 memorabat.
1062 657 1145 724 Cum

133 748 256 812 adierat
284 745 437 830 Graecos,
469 746 675 831 admonebat,
708 747 748 810 ab
779 746 831 810 his
863 746 1012 831 gentibus
1041 747 1146 813 inlata

133 834 286 900 Graeciae
312 835 398 900 bella
423 797 522 899 llarei
548 835 651 918 prius,
678 835 792 899 deinde
816 832 931 899 Xerxis
959 834 1145 928 insolentia,

133 946 250 1007 aquam
287 924 375 1008 ipsos
406 928 588 1008 terramque
619 923 834 1006 poscentium,
869 925 907 987 ut
937 944 1041 1013 neque
1071 887 1145 989 fon·

132 1013 214 1076 tium
246 1011 398 1076 haustum
430 1033 489 1076 nec
519 1013 631 1076 solitos
659 1012 747 1075 cibos
773 973 993 1095 relinquerent
1018 1010 1146 1078 deditis

98 1100 185 1198 aAb
216 1087 268 1166 his
300 1101 421 1184 templa
449 1100 551 1164 ruinis
579 1102 613 1163 et
637 1099 767 1183 ignibus
797 1120 866 1163 esse
897 1098 1014 1184 deleta,
1047 1100 1146 1202 urbes

133 1210 243 1254 eorum
266 1211 304 1254 ex
304 1191 429 1274 pugnat
430 1211 475 1272 as,
497 1187 627 1253 foedera
645 1187 745 1252 divini
762 1186 988 1270 humanique
978 1187 1131 1253 ruris'vro
1134 1224 1147 1243 κ

81 1296 114 1343 10
132 1279 199 1342 lata
221 1277 389 1342 referebat.
432 1274 658 1359 Illyrios-uero
682 1279 715 1339 et
737 1275 891 1358 Thracas,
920 1279 1014 1358 rapto
1036 1274 1145 1341 rivere

133 1365 297 1441 adsuetos,
330 1364 431 1427 aciem
462 1363 604 1426 hostium
634 1384 712 1427 auro
735 1383 941 1447 purpuraque
963 1363 1146 1448 fulgentem

132 1453 251 1515 intueri
272 1450 417 1529 iubebat,
444 1448 610 1533 praedam,
633 1472 700 1514 non
723 1472 812 1514 arma
834 1453 1030 1534 gestantem.
1058 1451 1147 1516 irent

48 1592 51 1597 .
133 1543 166 1602 et
187 1538 360 1602 inbellibus
382 1500 512 1600 feminis
531 1559 644 1601 aurum
659 1538 720 1601 ιιιι
711 1537 901 1622 eriperent,
924 1560 1039 1623 aspera
1052 1561 1146 1604 mon-

132 1627 214 1690 tium
237 1647 368 1690 suorum
390 1625 468 1710 iuga
490 1625 656 1710 nudasque
675 1626 772 1690 calles
787 1630 820 1690 et
833 1630 987 1709 perpetuo
1000 1627 1146 1712 rigentes

133 1711 208 1800 gelu
231 1713 350 1778 ditibus
372 1712 544 1778 Persarum
567 1714 687 1798 campis
711 1714 859 1798 agrisque
882 1717 1053 1809 mutarent

564 1869 641 1936 Cur.
663 1870 719 1936 XI

100 1998 114 2046 1
221 1978 293 2043 Iam
321 1978 361 2042 ad
388 1979 446 2042 teli
471 1978 592 2041 iactum
618 1981 845 2061 pervenerant,
876 1999 949 2060 cum
966 1975 1197 2063 ΙΡιιιιιιιιιιιι26

134 2066 256 2150 equites
277 2066 427 2130 ferociter
448 2067 484 2129 in
501 2065 628 2129 laevum
646 2086 745 2130 cornu
762 2066 906 2130 hostium
922 2065 1040 2130 invecti
1054 2069 1146 2131 sunt:

134 2155 255 2239 quippe
266 2153 391 2218 Dareus
410 2154 550 2237 equestri
571 2153 693 2237 proelio
712 2155 881 2218 decernere
900 2153 1042 2239 optabat,
1064 2154 1146 2237 pha-

132 2245 262 2326 langem
293 2241 493 2306 Macedonici
528 2242 685 2306 exercitus
717 2243 816 2308 robur
847 2263 915 2306 esse
947 2242 1146 2309 coniectans.

133 2330 265 2414 Iamque
293 2331 390 2394 etiam
416 2329 562 2394 dextrum
584 2329 760 2396 Alexandri
787 2351 885 2396 cornu
908 2329 1147 2396 circumibatur.

99 2439 115 2486 a
135 2417 227 2495 Quod
254 2419 310 2483 ubi
332 2418 465 2483 Macedo
494 2418 671 2503 conspexit,
701 2419 824 2483 duabus
852 2418 912 2482 alis
935 2416 1079 2502 equitum
1102 2419 1147 2484 ad

133 2509 246 2594 iugum
282 2507 443 2574 montis
433 2507 528 2571 iussis
558 2507 744 2591 subsistere,
783 2506 945 2573 ceteros
936 2528 972 2570 ιιι
1002 2506 1146 2571 medium

98 2598 210 2664 abelli
232 2596 403 2661 discrimen
425 2595 553 2660 strenue
575 2596 736 2660 tr;ansfert
773 2592 944 2659 Subductis
968 2592 1085 2662 deinde
1104 2614 1148 2659 ex

134 2687 201 2748 acie
224 2684 388 2750 Thessalis
410 2687 499 2769 eqmt
475 2684 572 2748 tibus
593 2683 735 2767 praefect
736 2705 791 2746 um
814 2690 924 2748 eorum
943 2681 1112 2748 occulte
1084 2703 1146 2747 ιιι-

134 2772 252 2852 cumire
279 2777 407 2872 tergum
430 2794 562 2836 suorum
588 2771 678 2835 iubet
698 2769 968 2855 Parmenionique
991 2770 1147 2872 coniungi

98 2862 179 2941 cet,
212 2859 339 2960 quod
329 2881 357 2923 1s
389 2860 592 2942 imperasset,
622 2860 748 2944 inpigre
776 2859 897 2942 exequi.
941 2858 1105 2943 Iamque
1093 2879 1146 2922 rn-

134 2947 224 3011 missi
245 2947 280 3010 in
303 2946 443 3009 medium
456 2945 627 3011 Persarum
649 2947 789 3031 undique
812 2945 996 3026 circumfusi
1015 2948 1147 3032 egregie¹

133 3055 231 3117 repere
266 3034 452 3118 tuebantur,
490 3035 545 3098 sed
577 3035 713 3099 conferti
746 3039 779 3099 et
810 3036 903 3119 quasi
934 3035 1146 3100 cohaerentes
1172 3047 1176 3055 '

29 3124 33 3133 '
132 3124 198 3186 tela
229 3124 367 3187 vibrare
388 3143 456 3186 non
487 3125 651 3205 poterant:
695 3124 790 3188 simul
821 3127 916 3189 erant
947 3124 1077 3207 emissa,
1108 3123 1147 3188 in

29 3205 62 3250 ·’
110 3210 261 3276 eosdem
300 3211 524 3275 concurrentia
558 3210 795 3313 inplicabantur
829 3211 956 3312 levique
992 3214 1024 3275 et
1058 3231 1145 3276 vano
1207 3223 1210 3227 '

132 3299 199 3363 ictu
221 3321 324 3383 pauca
345 3299 380 3362 in
402 3299 542 3383 hostem,
569 3301 695 3385 plura'
685 3323 720 3364 1n
741 3300 906 3364 humum
897 3299 1029 3365 mnoxia
1051 3298 1145 3363 eade-

132 3387 221 3451 bant.
266 3387 355 3472 Ergo
383 3388 560 3453 comminus
588 3409 731 3474 pugnam
761 3389 864 3453 eoacti
887 3408 1052 3454 conseram
1075 3387 1146 3472 gla-

97 3475 202 3544 5dios
229 3476 355 3561 inpigre
384 3477 556 3562 stringunt.
597 3476 680 3541 Tum
706 3497 782 3542 vero
810 3478 948 3540 multum
975 3475 1146 3560 sanguinis
1178 3478 1181 3485 ’

115 3562 228 3626 disum
262 3569 331 3630 est:
377 3563 461 3632 duae
494 3565 614 3652 quippe
647 3566 732 3632 acies
760 3564 810 3630 ita
844 3563 1072 3646 cohaerebant,
1107 3567 1147 3629 ut
