2422 3892
208 242 212 250 Ι
272 182 527 263 HISTORIABUM
544 182 758 236 ALEXANDRI
776 181 850 252 vni
869 188 893 236 5.
1028 181 1091 246 199

86 332 176 392 aetas
209 326 444 410 spopondisset.
492 325 614 402 Quodsi
651 325 746 389 ceteri
779 325 943 408 dubitent,
977 329 1145 391 semetra

84 417 205 498 ipsum,
231 435 303 479 cum
327 436 383 478 rex
401 414 515 478 inisset
534 414 729 496 convivium,
746 416 985 496 prostraturum
1004 413 1094 478 humi

86 524 210 586 corpus.
263 501 388 566 Debere
424 502 510 566 idem
546 502 651 565 facere
688 505 810 566 ceteros
843 505 876 566 et
911 502 947 566 in
980 501 1093 584 primis

88 590 248 673 rapientia
278 590 454 672 praeditos:
491 590 532 653 ab
564 590 631 653 illis
663 588 750 653 enim
782 590 886 654 cultus
918 591 954 654 in
985 610 1095 673 regem

88 679 271 762 exemplum
301 699 370 742 esse
400 676 605 760 prodendum.
653 676 750 741 Haud
779 678 929 760 perplexe
961 679 996 741 in
1024 676 1147 742 Cal-1³

87 766 249 830 listhenen
271 765 470 850 dirigebatur
489 766 601 828 oratic.
638 762 788 829 Gravitas
807 765 869 830 viri
890 769 922 830 et
944 769 1095 850 prompta

87 855 220 918 libertas
239 854 429 917 inviscerat
443 854 522 937 regi,
542 852 635 936 quasi
649 853 737 917 solus
751 852 944 919 Macedonas
962 858 1092 937 paratos

39 941 127 1006 l9ad
154 943 220 1006 tale
245 941 434 1025 obsequium
461 944 650 1005 moraretur.
695 939 728 1023 Is
754 944 825 1005 tum
853 942 982 1007 silentio
1008 943 1094 1007 facto
1115 951 1147 1000 14

87 1051 188 1094 unum
215 1029 308 1092 illum
330 1028 529 1092 intuentibus
553 1028 684 1111 ceteris,
707 1026 755 1093 ‘si
777 1027 854 1110 rex',
876 1031 997 1113 inquit,
1021 1029 1095 1094 ‘ser-

88 1117 177 1181 moni
194 1117 251 1180 tuo
271 1115 436 1198 adfuisset,
452 1116 575 1181 nullius
592 1115 737 1198 profecto
751 1138 814 1181 vox
831 1118 1016 1200 responsuri
1034 1117 1096 1182 tibi

89 1203 338 1270 desideraretur:
360 1203 429 1286 ipse
444 1204 530 1267 enim
543 1207 676 1286 peteret,
690 1225 730 1268 ne
744 1205 779 1267 in
792 1204 980 1289 peregrinos
995 1209 1096 1269 exter·

89 1312 210 1374 nosque
223 1291 307 1355 ritus
321 1291 514 1374 degenerare
529 1312 562 1355 re
577 1312 708 1374 cogeres
721 1313 784 1356 neu
798 1291 895 1357 rebus
910 1291 1096 1357 felicissime

89 1380 190 1463 gestis
213 1379 368 1443 invidiam
391 1379 453 1444 tali
476 1378 659 1444 adulatione
682 1379 896 1444 contraheres
935 1378 997 1444 Sed
1021 1389 1148 1464 quo-1⁶

89 1468 178 1530 niam
199 1467 306 1548 abest,
329 1487 389 1550 ego
412 1467 475 1531 tibi
497 1488 556 1552 pro
578 1468 637 1531 illo
659 1467 853 1550 respondeo,
880 1468 1003 1532 nullum
1026 1489 1096 1532 esse

90 1554 224 1619 eundem
239 1557 273 1618 et
289 1554 475 1619 diuturnum
494 1557 527 1619 et
543 1576 756 1638 praecoquem
774 1555 915 1620 fructum
930 1557 1097 1620 caelestes-

90 1663 150 1725 que
172 1643 311 1706 honores
329 1663 394 1707 non
418 1642 494 1705 dare
516 1645 549 1706 te
571 1643 652 1725 regi,
675 1643 730 1706 sed
753 1643 885 1708 auferre.
921 1642 1097 1709 Intervallo

90 1730 177 1793 enim
201 1749 282 1811 opus
301 1732 364 1812 est,
386 1732 423 1792 ut
441 1728 589 1792 credatur
607 1730 699 1812 deus,
719 1751 907 1813 semperque
924 1729 1009 1795 hane
1027 1751 1098 1813 gra-

90 1818 171 1881 tiam
194 1815 321 1898 magnis
343 1816 420 1879 viris
445 1817 568 1898 posteri
585 1817 731 1880 reddunt.
770 1817 842 1901 Ego
866 1821 974 1881 autem
993 1839 1098 1882 seram
1118 1828 1150 1875 16

91 1904 360 1967 inmortalitatem
382 1924 496 1986 precor
518 1903 600 1987 regi,
623 1908 660 1968 ut
683 1906 717 1968 et
738 1905 806 1968 vita
830 1905 981 1968 diuturna
1004 1907 1047 1969 sit
1065 1908 1099 1968 et

91 1995 222 2056 aeterna
254 1991 415 2054 maiestas.
469 1989 644 2055 Hominem
677 1993 883 2076 consequitur
915 1993 1098 2076 aliquande,

90 2100 255 2162 nunquam
277 2079 447 2144 comitatur
470 2078 632 2144 divinitas.
672 2078 845 2145 Herculem
867 2081 962 2146 modo
987 2079 1149 2145 apa-1⁷

90 2171 173 2230 trem
195 2165 347 2231 Liberum
375 2170 580 2231 consecratae
606 2168 853 2233 inmortalitatis
880 2170 1027 2251 exempla
1050 2190 1098 2233 re·

89 2254 225 2318 ferebas,
278 2251 430 2318 Credisne
461 2255 537 2319 illos
568 2256 662 2319 unius
695 2257 833 2320 convivii
862 2256 988 2320 decreto
1021 2255 1098 2319 deos

90 2341 215 2407 factos?
265 2340 360 2406 Prius
392 2342 433 2407 ab
466 2343 567 2408 oeulis
594 2344 780 2407 mortalium
815 2344 950 2407 amolita
982 2346 1099 2406 natura

91 2433 154 2514 est,
182 2452 279 2514 quam
305 2430 338 2494 in
367 2431 490 2495 caelum
517 2431 605 2494 fama
631 2431 830 2514 perveheret
880 2428 1010 2494 Scilicet
1038 2439 1151 2513 egula

91 2522 124 2582 et
149 2521 199 2602 tu,
226 2515 319 2601 (ileo,
348 2517 425 2582 deos
452 2518 601 2581 facimus:
633 2539 653 2581 a
683 2518 778 2582 nobis
810 2516 991 2580 divinitatis
1023 2538 1099 2580 suae

91 2606 317 2669 auctoritatem
349 2608 538 2686 accepturus
576 2606 626 2667 cst
660 2606 733 2668 rexl
787 2602 973 2667 Potentiam
1009 2608 1100 2668 tuam

92 2680 231 2774 exp'eriri
249 2692 342 2754 libet:
360 2690 412 2756 fac
426 2692 567 2774 aliquem
580 2711 700 2774 regem,
718 2691 747 2755 si
761 2690 855 2754 deum
873 2693 967 2774 potes
985 2691 1099 2756 facere.

91 2777 232 2842 Facilius
255 2782 305 2841 est
323 2779 445 2842 caelum
465 2777 540 2841 dare
565 2799 660 2861 quam
683 2778 863 2861 imperium.
899 2777 943 2842 Di
964 2778 1100 2861 propitii
1120 2788 1152 2836 19

92 2867 161 2930 sine
197 2864 334 2949 invidia,
370 2887 452 2948 quae
484 2863 562 2930 Cleo
600 2866 693 2949 dixit,
730 2866 889 2931 audierint
925 2866 1100 2950 eodemque

91 2975 199 3037 eursu,
226 2974 288 3037 qno
316 2952 436 3018 fluxere
464 2953 567 3018 adhuc
593 2976 656 3035 res,
683 2953 732 3019 ire
754 2953 928 3037 patiantur.
968 2952 1099 3018 Nostris

91 3042 235 3106 moribus
254 3041 358 3105 velint
375 3062 435 3105 nos
455 3062 525 3106 esse
544 3045 720 3106 contentos.
754 3040 830 3106 Non
847 3041 947 3125 pudet
965 3043 1100 3125 patriae,

90 3152 149 3194 nec
173 3129 331 3208 desidero,
356 3129 397 3194 ad
420 3151 515 3212 quem
538 3131 669 3193 modum
691 3150 747 3193 rex
770 3129 851 3193 mihi
875 3128 1024 3193 colendus
1049 3129 1101 3213 sit,
1187 3163 1190 3169 ·

89 3238 111 3280 a
132 3219 219 3282 uictis
241 3219 371 3282 discere.
412 3216 499 3292 Quos
524 3217 670 3300 equidem
688 3218 827 3281 victores
849 3238 919 3281 esse
938 3218 1101 3300 confiteor,
1131 3293 1135 3303 Ι

39 3304 81 3370 20
90 3305 117 3367 si
145 3305 185 3368 ab
212 3305 278 3368 illis
306 3305 409 3387 leges,
442 3304 513 3388 quis
540 3305 700 3383 vivamus,
734 3302 928 3386 accipimus?
978 3304 1100 3389 Aequis
1119 3314 1153 3363 20

90 3392 222 3456 auribus
241 3391 471 3475 Callisthenes,
493 3392 595 3456 ueluti
618 3392 735 3458 vindex
757 3392 907 3475 publicae
930 3391 1101 3472 libertatis,

90 3480 288 3545 audiebatur.
329 3479 544 3565 Expresserat
565 3502 634 3546 non
660 3480 896 3546 adsensionem
912 3480 1038 3555 mohs,
1060 3475 1127 3533 seu

39 3566 41 3575 '
86 3569 182 3630 eliam
212 3589 322 3633 vocem
351 3570 518 3636 seniorum
546 3571 746 3658 praecipue,
774 3569 902 3654 quinus
925 3560 1049 3645 mauis
1071 3552 1180 3644 eras·
