2422 3892
317 125 574 204 'msroamaun
591 132 806 202 1111111111
824 145 876 215 11,
896 153 919 200 1.
1085 146 1126 210 31

116 297 276 360 vetustate
304 294 452 376 famaque
480 292 681 357 conditorum
702 292 855 356 inclitam.
900 289 1072 375 Regnabat
1093 291 1179 361 11111

116 405 155 447 ea
178 381 300 465 Strato,
329 378 426 445 Darei
451 380 565 464 opibus
589 378 725 445 adiutus.
739 431 746 444 .
762 429 769 444 .
858 377 921 444 sed
945 380 1020 463 quia
1042 378 1128 442 dedi·

115 473 239 534 tionem
269 470 373 554 magis
405 469 607 552 popularium
639 490 736 552 quam
769 490 827 533 sua
858 471 972 552 sponte
1000 467 1129 551 fecerat,

116 579 218 643 regno
245 558 332 622 visus
359 557 512 642 indignus
539 556 834 641 Hephaestionique
856 557 1060 639 permissum,
1083 558 1129 639 ut,

93 666 212 729 ¹quem
240 667 277 710 eo
304 646 434 730 fastigio
462 642 640 710 chidoniis
663 645 887 730 dignissimum
911 644 1128 727 arbitraretur,

117 730 1179 834 1111111111111131111.Ε11111Ι11ρ1111111ο11111111111111117

117 822 195 887 clari
222 822 307 886 inter
335 843 409 886 suos
436 821 581 885 iuvenes:
613 822 667 904 qui
690 820 806 885 facta
796 820 875 904 1psis
898 823 1057 921 potestate
1080 841 1127 882 re-

116 908 237 1010 gnand'i
256 914 464 1011 negaverunt,
490 930 682 1010 quemquam
700 912 756 992 pat
757 909 805 973 rio
823 930 911 973 more
929 909 964 972 in
981 909 1015 972 id
1037 908 1127 971 fasti·

117 999 206 1083 glum
228 998 336 1082 recipi,
358 998 421 1061 nisi
444 998 533 1081 regia
556 998 655 1080 stirpe
684 999 799 1061 ortum.
852 995 1001 1060 Admirat
987 1002 1040 1059 tus
1062 994 1126 1059 He·
1148 1013 1180 1063 18

119 1085 288 1172 phaestion
318 1085 573 1169 magnitudinem
606 1085 705 1148 animi
733 1085 925 1168 spernentis,
958 1084 1043 1169 quod
1073 1084 1128 1148 alii

116 1171 1128 1356 11111111Ρ111111111111

966 1309 975 1343 7

116 1349 222 1414 maius
246 1351 331 1413 esset
352 1368 489 1448 regnum
510 1347 655 1411 fastidire
679 1368 775 1447 quam
798 1348 947 1430 accipere.
980 1344 1129 1412 Ceterum

116 1437 189 1502 date
212 1437 352 1522 aliquem
374 1437 483 1520 regiae
505 1436 623 1519 stirpis,
646 1435 701 1520 qui
724 1434 906 1499 meminerit
929 1435 1127 1499 111111111-

116 1529 188 1628 cept
189 1547 244 1589 um
261 1525 379 1588 habere
398 1545 432 1587 se
451 1544 595 1609 regnum.
597 1521 746 1607 'Atque
764 1523 822 1608 illi,
840 1545 912 1588 cum
930 1523 1202 1589 11111111111-11

117 1614 238 1677 minere
287 1616 398 1677 tantae
432 1612 516 1712 spei
561 1615 728 1676 cernerent
773 1573 908 1697 sirlgulia
953 1612 1127 1675 amicorum

116 1699 292 1770 Alexandri
328 1700 379 1764 ob·
405 1700 539 1763 nimiam
576 1700 670 1783 regni
706 1699 914 1783 cupiditatem
950 1699 1128 1782 adulantes,

93 1851 95 1854 ,
117 1790 268 1866 statuunt
288 1787 451 1851 neminem
473 1809 541 1851 esse
564 1789 722 1871 potiorem
745 1810 842 1872 quam
864 1787 1127 1869 Abdalonymum

118 1875 290 1960 quendam,
321 1876 421 1959 longa
447 1875 576 1959 quidem
603 1875 796 1960 cognatione
823 1875 917 1959 stirpi
943 1875 1050 1959 regiae
1074 1875 1128 1937 ad·

78 1994 87 2011 1
117 1985 249 2046 nexum,
281 1963 337 2028 sed
369 1962 411 2027 ob
437 1963 580 2046 inopiam
608 1964 827 2028 suburbanum
854 1964 985 2028 hortum
1013 1963 1128 2048 exigua

116 2053 274 2117 colentem
306 2052 397 2136 stipe.
449 2049 555 2120 Oausa
581 2052 610 2115 ei
636 2052 835 2153 paupertatis
858 2052 942 2117 sicut
968 2051 1127 2135 plerisque
1146 2068 1180 2117 1ο

116 2140 261 2223 probitas
285 2143 366 2205 erat:
397 2139 604 2223 intentusque
631 2141 721 2223 operi
748 2139 861 2205 dimne
885 2141 1055 2223 strepitum
1079 2160 1127 2203 ar·

117 2249 253 2311 morum,
275 2228 330 2312 qui
352 2230 456 2292 totam
470 2227 583 2291 Asiam
606 2231 819 2313 concusserat,
841 2250 908 2293 non
930 2227 1128 2292 exaudiebat

80 2311 232 2380 4Subit0
255 2315 378 2399 deinde,
402 2316 441 2380 de
465 2316 581 2400 quibus
604 2320 678 2380 ante
701 2317 766 2381 dict
752 2319 822 2380 tum
845 2319 902 2400 est,
925 2337 998 2380 oum
1020 2315 1127 2399 regiae
1146 2333 1176 2381 11

117 2403 214 2467 vestis
240 2366 422 2489 insignibus
449 2403 580 2468 hortum
602 2405 726 2468 intrant
731 2426 866 2489 ,quem
887 2366 1034 2468 111111
1004 2403 1127 2467 steriles

116 2491 234 2556 herbas
262 2492 385 2576 eligens
412 2490 658 2574 Abdalonymus
685 2490 889 2576 repurgabat.
937 2490 1021 2553 Tum
1053 2510 1128 2574 rege
1147 2509 1180 2556 11

118 2599 155 2644 11
180 2580 319 2644 salutato
343 2578 424 2643 alter
447 2600 485 2644 ex
507 2579 572 2663 hia,
598 2577 771 2662 ‘Habitus',
793 2577 911 2661 inquit,
934 2576 1128 2662 ε1111111111,

117 2688 214 2750 quem
237 2668 340 2731 cernis
361 2667 397 2730 in
420 2667 500 2731 meis
523 2666 684 2749 manibus,
708 2687 781 2729 cum
801 2666 866 2729 isto
889 2665 1036 2748 squalore
1057 2686 1128 2750 per-

117 2753 292 2830 mutandus
328 2753 390 2817 tibi
425 2757 483 2818 111
535 2754 640 2817 Ablue
661 2775 794 2839 ,corpus
814 2752 944 2818 inluvie
974 2753 1128 2838 tetrisque

118 2841 267 2906 sordibus
299 2840 493 2924 squalidum:
529 2862 606 2925 cape
637 2841 724 2924 regis
756 2842 899 2906 animum
930 2845 963 2906 et
993 2842 1028 2906 in
1057 2865 1127 2908 eam

117 2930 301 3030 fortunam„
327 2950 391 3013 qua
417 2928 534 3013 dignus
562 2950 609 3012 11,
638 2930 733 2993 istam
760 2930 990 2995 continentiam
1012 2931 1129 3014 perfer.

118 3016 166 3081 Et
192 3039 265 3082 cum
291 3017 327 3081 in
354 3017 456 3102 regali
480 3017 559 3082 solio
581 2979 748 3102 residebis,
778 3019 864 3084 vitae
889 3019 1038 3103 necisque
1062 3041 1127 3083 om·

118 3105 210 3170 nium
232 3106 348 3170 civium
372 3105 528 3207 dominus,
550 3127 626 3171 cave
649 3069 848 3172 obliviscaris
863 3107 1024 3221 babitpas
1015 3129 1050 3171 m
1065 3128 1127 3190 quo

119 3193 236 3277 accipis
258 3215 407 3279 regnum,
429 3194 539 3280 immo,
562 3195 699 3279 hercule,
720 3199 854 3280 propter
877 3192 991 3279 quem?
1037 3191 1126 3258 Som·
1145 3213 1178 3261 11

91 3290 94 3295 ’
117 3281 174 3346 nio
189 3281 302 3346 similis
314 3303 367 3346 res
379 3282 607 3367 Abdalonymo
621 3282 801 3348 videbatur:
821 3283 990 3366 interdum,
1006 3283 1127 3346 satisne

119 3369 191 3434 sani
213 3373 334 3454 essent,
359 3370 415 3454 qui
436 3374 504 3434 tam
526 3375 674 3454 proterve
698 3371 760 3435 sibi
781 3369 972 3454 inluderent,
994 3387 1142 3454 percon·

117 3457 256 3522 tabatur.
292 3421 354 3522 Sed
376 3462 413 3523 ut
435 3459 601 3523 cunctanti
633 3459 763 3542 squalor
794 3458 884 3523 ablut
869 3462 923 3523 tus
949 3460 1003 3522 est
1026 3456 1089 3519 et
1079 3478 1132 3516 un-

116 3546 202 3610 iecta
222 3546 321 3610 vestis
341 3568 483 3664 purpura
506 3568 648 3634 auroque
673 3545 834 3614 distincta
854 3550 893 3611 11
905 3545 993 3642 hbes
1005 3528 1159 3605 1111111-
