2422 3892
79 139 144 202 270
451 139 483 206 a.
501 139 715 196 eaurluom
1119 40 1130 217 ¹

75 286 166 365 timet.
210 285 314 366 Iqttur
335 285 501 367 Eumenes,
523 305 592 348 oum
613 304 645 349 se
666 284 701 348 ob
725 285 913 349 simultatem
936 307 1013 351 aim
1037 288 1093 352 Hc
1127 366 1130 375 Ι

70 372 248 455 phaestionc
265 375 344 454 repis
360 374 601 455 indiqnationem
614 373 801 437 contraxisse
813 375 967 456 sensisset,
986 377 1093 442 miritis

75 467 181 526 auehi
206 460 269 540 fnit
294 481 381 542 seque
402 466 431 524 et
451 481 543 525 arma
564 481 623 525 sua
644 460 870 541 Hephaestioni
890 466 1093 530 consecrandi

71 550 276 631 pecuniasque
297 550 341 613 ad
360 549 612 614 cohonestandum
627 549 724 629 funus
743 550 827 631 larqe
844 551 986 615 contulit.
1026 553 1093 618 Hoc
1128 552 1130 587 ²

74 639 244 720 eacmplnm
275 638 391 701 imitati
416 643 490 702 sunt
516 639 615 703 ceteri:
647 658 736 719 eoque
763 657 835 702 mon
855 641 1015 728 processit
1041 643 1090 706 ad-

74 727 281 790 sartationum
302 726 495 807 inpudentia,
517 731 554 790 nt
573 728 638 809 rapi
660 745 795 790 maerore
816 729 846 790 ct
866 727 1023 792 desiderio
1046 730 1089 794 dc

72 815 174 894 functi
204 813 373 877 insanienti
398 833 583 896 persuasum
614 816 735 879 mndcm
765 815 873 897 fuerit,
904 815 1001 880 mum
1032 838 1090 883 esse

74 902 337 983 Hephaestionem.
380 902 445 982 Quo
467 904 590 984 quidem
611 907 740 983 tempore
761 923 798 967 ea
819 903 979 984 copiarum
995 907 1087 970 'duci

74 991 129 1054 bus
150 989 332 1071 Apathocles
350 989 478 1056 Samius
500 993 543 1055 ad
563 995 728 1055 mhanum
744 991 878 1072 perioidi
894 993 987 1070 venit,
1010 995 1089 1075 qaod

74 1079 160 1143 illius
187 1079 339 1144 tumulum
360 1081 550 1161 praeteriens
572 1080 783 1144 inlacrimasse
803 1079 888 1144 uisus
909 1085 995 1146 esset.
1043 1082 1088 1146 Ac

73 1168 137 1232 nisi
171 1165 334 1232 Perdiccas
368 1169 493 1233 venanti
526 1167 586 1232 sibi
617 1167 873 1249 Hephaestionem
904 1169 1088 1250 adparuisse

74 1257 232 1321 ementitus
258 1277 316 1338 per
341 1258 411 1322 deos
442 1276 544 1320 omnes
571 1257 729 1338 ipsumqm
755 1254 1016 1336 Hephaestionem
1042 1260 1085 1323 dc

74 1347 212 1427 ierassot,
238 1365 275 1409 eoi
296 1346 362 1426 ipso
384 1365 415 1409 se
437 1346 616 1426 coqnooisse,
643 1343 840 1426 Aqathoclem
861 1363 925 1408 uon
946 1349 984 1410 at
1005 1366 1084 1411 mor-

74 1437 160 1496 tuum
177 1438 206 1496 ct
223 1453 322 1495 uanae
343 1433 516 1496 dminitatis
539 1433 636 1496 titulis
655 1433 777 1512 fristra
797 1437 942 1496 ornatiora
959 1433 1085 1517 tleoissc,

72 1540 177 1583 oerum
204 1520 240 1583 ob
267 1521 446 1582 memoriam
474 1520 626 1600 pristinae
651 1516 825 1584 sodalitatis
852 1521 1000 1586 mannos
1025 1543 1085 1588 uon

73 1608 215 1684 humisa,
245 1607 294 1671 uir
324 1608 417 1687 fortis
444 1613 472 1672 et
497 1609 533 1672 de
558 1626 624 1689 repe
651 1607 721 1672 benc
748 1609 874 1674 meritis
895 1609 1027 1689 pietatis
1052 1613 1084 1675 iu

72 1697 207 1760 amicam
227 1715 334 1778 qraoes
350 1717 468 1778 poenas
489 1697 616 1761 innoaio
638 1698 736 1779 capite
752 1698 951 1778 pependisset.
1023 1774 1027 1780 ,

161 1783 299 1850 &hrum
320 1790 356 1848 nt
369 1821 372 1825 <
376 1786 536 1868 paulisper
558 1806 579 1847 a
602 1786 684 1849 lacta
705 1790 845 1850 auocaret
865 1786 1022 1864 aninmm,
1043 1788 1085 1850 iu

73 1872 271 1938 Cossaeorum
295 1878 413 1954 pentem
439 1875 657 1956 eapeditionam
678 1873 814 1954 suscepit.
854 1873 938 1954 Inqa
959 1874 1084 1939 Mediae

72 1963 174 2024 omina
192 1959 314 2025 Cossaei
333 1966 439 2043 hnent,
457 1982 599 2042 asperam
616 1966 646 2025 et
662 1981 730 2025 acre
745 1980 840 2044 penus
858 1966 887 2024 et
901 1963 1083 2042 praedando

71 2051 167 2111 oitam
195 2048 323 2112 tolerare
349 2049 481 2112 solitum.
526 2049 577 2113 Ab
602 2049 651 2114 his
676 2049 845 2114 Persarum
871 2069 954 2131 repes
978 2071 1084 2116 anuuo

72 2135 183 2199 tributo
205 2154 315 2215 pacem
341 2137 488 2199 redimere
510 2142 736 2215 consueraant,
763 2158 802 2202 ne
823 2139 859 2202 in
881 2138 1015 2202 subiecta
1037 2141 1084 2204 de·

71 2227 223 2287 currentes
256 2222 401 2302 infestam
432 2224 603 2290 latrociniis
632 2227 785 2306 repicnom
798 2226 950 2305 'facerent
996 2227 1084 2292 Nam

70 2314 133 2377 mm
156 2315 332 2393 temptantes
344 2311 463 2378 'Persas
482 2314 575 2393 facile
595 2314 804 2394 reppulerant,
826 2315 989 2396 asperitate
1008 2315 1083 2380 loco

70 2422 142 2466 rum
178 2401 305 2481 defensi,
334 2402 377 2466 'iu
409 2421 488 2484 qnae
519 2421 550 2466 se
581 2402 770 2482 recipiebant,
811 2404 947 2484 quotiens
983 2405 1083 2468 armis

54 2490 302 2571 superabantur.
347 2490 448 2554 Iidem
479 2490 655 2554 maneribus
680 2491 846 2571 quotannis
865 2491 1081 2572 phicabantur,

70 2584 106 2643 ut
126 2580 190 2662 cepi
212 2578 394 2657 Ecbatanis,
417 2579 470 2643 ubi
494 2579 608 2644 aestiua
630 2578 743 2642 solebat
763 2599 863 2662 apere,
891 2579 1082 2661 Babplonem

70 2667 252 2749 remiqranti
276 2672 358 2731 tatus
376 2687 433 2748 per
455 2681 491 2731 ea
514 2667 579 2731 loca
601 2669 751 2732 transitus
773 2672 854 2732 esset.
894 2667 963 2731 Hos
985 2669 1081 2750 ipitur

69 2754 247 2820 Alecander
276 2754 420 2835 bipartito
442 2756 564 2837 aqmine
580 2755 740 2836 adpressus
762 2757 848 2819 intra
873 2756 1081 2838 qnadraqinta

70 2843 134 2905 dies
156 2843 338 2922 perdomuit.
388 2843 474 2928 Noni
503 2844 542 2907 ab
567 2844 634 2925 ipso
659 2863 728 2925 repe
757 2849 787 2908 et
811 2843 995 2922 Ptolemaeo,
1027 2845 1081 2927 qni

64 2933 187 3009 partem
218 2930 364 2993 macilis
396 2931 532 3014 ducebat,
560 2951 648 3012 saepe
673 2933 765 3008 caesi,
792 2937 829 2995 at
853 2933 987 3013 captiuos
1010 2952 1080 2997 snos

69 3017 246 3097 reciperent,
264 3018 431 3096 permisere
452 3039 484 3082 se
501 3020 615 3084 motari.
651 3019 712 3084 Ille
728 3021 850 3086 ualidas
867 3021 956 3086 nrbes
973 3041 1079 3103 oppor-

70 3106 154 3169 tunis
177 3104 248 3168 locis
279 3106 381 3168 eatrai
409 3106 512 3184 iussit,
543 3128 582 3171 ue
608 3107 734 3173 abducto
760 3110 893 3173 eaeroitn
918 3110 988 3188 sera
1005 3128 1080 3191 qeus

70 3193 287 3257 oboedientiam
310 3198 437 3258 macra.
472 3194 571 3260 Motis
592 3197 663 3261 inde
685 3197 807 3278 eastris,
829 3203 865 3260 at
883 3199 1013 3262 militem
1030 3218 1080 3262 en-

66 3281 218 3360 peditione
234 3282 345 3345 recenti
360 3283 475 3362 fessum
492 3284 636 3365 reficeret,
655 3284 733 3347 lento
749 3284 872 3364 apinine
889 3285 1081 3368 Babylonem

63 3367 249 3449 procedebat.
294 3370 425 3453 lamque
450 3372 504 3436 oia
531 3372 659 3453 tripinta
681 3371 720 3436 ab
741 3371 814 3436 urbe
835 3375 945 3438 stadiis
967 3373 1081 3458 aberat,

68 3475 138 3521 cum
156 3454 316 3522 Nearchus
339 3460 481 3543 occurrit,
503 3479 592 3540 quem
607 3478 666 3540 per
690 3458 844 3524 Oceanum
860 3466 890 3526 et
905 3461 1081 3543 Euphratis

68 3545 147 3610 ostia
169 3543 360 3625 Babylonem
381 3547 601 3627 praemiserat:
624 3547 795 3630 orabatque,
816 3569 855 3613 ne
870 3549 999 3630 fatalem
1021 3548 1096 3616 sibi.

159 3818 256 3846 A
