2422 3892
318 128 571 185 HISTORIARUM
588 127 805 182 ALEXANDRI
822 128 874 196 JV,
892 133 918 182 4.
938 134 963 184 δ.
1101 128 1145 192 43

136 278 221 358 erat,
250 279 346 358 capta
368 278 430 357 est,
461 274 538 338 urbs
565 276 598 336 et
628 275 789 336 vetustate
817 272 952 356 originis
975 277 1008 337 et
1034 273 1145 336 crebra

136 363 285 428 fortunae
312 363 467 427 varietate
495 362 536 425 ad
562 361 750 425 memoriam
775 361 975 444 posteritatis
998 361 1145 446 insignis.

137 450 276 516 Condita
298 452 339 515 ab
353 450 503 535 Agenore
523 449 577 514 diu
597 470 694 532 mare,
716 470 784 513 non
802 449 943 513 vicinum
961 450 1067 533 modo,
1091 449 1146 513 sed

138 539 358 622 quodcumque
381 540 500 603 classes
523 539 590 603 eius
613 537 775 620 adierunt,
802 536 937 602 dicionis
961 559 1037 602 suae
1060 538 1145 601 fecit.

137 625 191 710 Et,
213 627 241 691 si
258 627 363 690 famae
381 628 460 691 libet
478 626 615 709 credere,
636 626 715 689 haec
731 646 811 710 genn
825 626 949 689 litteras
968 626 1072 709 prima
1090 629 1146 689 aut

137 715 246 779 docuit
272 718 330 780 aut
361 716 478 780 didicit.
533 714 686 781 Coloniae
717 716 802 777 certe
835 715 903 778 eius
934 735 1036 797 paene
1069 715 1146 778 orbe

136 806 206 867 toto
239 803 372 867 diffusae
404 807 496 868 sunt:
533 801 696 887 Carthago
728 802 763 864 in
789 801 913 886 Africa,
944 804 980 866 in
1010 802 1146 867 Boeotia

135 890 275 975 Thebae,
298 891 404 956 Gades
428 892 468 955 ad
486 889 658 956 Oceanum.
694 887 798 954 Credo
818 891 920 954 libero
939 895 1145 955 conmeantes
1164 911 1199 960 ao

136 980 218 1043 mari
241 981 430 1063 saepiusque
454 980 599 1044 adeundo
623 976 736 1043 ceteris
759 978 940 1062 incognitas
962 982 1064 1043 terras
1083 981 1145 1042 ele·

136 1068 222 1151 gissa
246 1067 337 1131 sedes
358 1069 528 1151 iuventuti,
553 1089 617 1151 qua
638 1071 717 1131 tunc
739 1066 957 1150 abundabant,
980 1067 1047 1130 sive
1070 1068 1146 1151 quia

135 1154 257 1219 crebris
280 1154 422 1219 motibus
444 1163 548 1219 terrae
562 1192 604 1201 —
618 1177 695 1218 nam
717 1153 779 1218 hoc
801 1174 928 1236 quoque
954 1155 1144 1218 traditur-

136 1242 276 1307 cultores
304 1243 372 1306 eius
399 1241 529 1327 fatigati
550 1263 636 1306 nova
657 1246 690 1307 et
712 1245 844 1305 externa
866 1240 1026 1305 domicilia
1049 1244 1146 1306 armis

136 1330 266 1394 sibimet
288 1351 440 1415 quaerere
463 1331 667 1414 cogebantur.
707 1328 819 1393 Multis
842 1349 919 1413 ergo
942 1329 1069 1393 casibus
1093 1331 1145 1394 de·
1164 1352 1196 1401 21

135 1417 248 1483 functa
279 1422 312 1482 et
342 1421 418 1500 post
450 1418 608 1482 excidium
636 1421 751 1482 renata
777 1438 864 1481 nunc
890 1416 1022 1481 tandem
1048 1418 1147 1503 longa

135 1528 214 1588 pace
239 1510 355 1571 cuncta
377 1506 543 1571 refovente
566 1506 625 1570 sub
647 1506 750 1570 tutela
772 1505 938 1570 Romanae
961 1511 1146 1572 mansuetu·

137 1594 220 1658 dinis
244 1595 429 1678 adquiescit.

570 1751 648 1818 Onu.
671 1751 711 1816 V.

84 1851 127 1914 21
226 1855 333 1920 Isdem
363 1857 463 1921 ferme
494 1858 606 1923 diebus
634 1857 732 1921 Darei
760 1857 886 1920 litterae
914 1855 1040 1920 adlatae
1069 1861 1181 1944 suntr

136 1944 268 2008 tandem
291 1948 329 2008 ut
349 1945 419 2030 regi
442 1946 588 2029 scriptae.
623 1945 773 2010 Petebat:
798 1943 856 2007 ‘uti
879 1944 978 2007 filiam
1001 1968 1145 2009 suam-

137 2030 275 2096 Statirae
301 2037 371 2097 erat
392 2055 511 2098 nomen
533 2069 577 2080 -
599 2034 722 2116 nuptiis
744 2032 927 2096 Alexander
950 2033 1012 2097 sibi
1034 2034 1145 2097 adiun-

136 2124 240 2205 geret:
277 2121 385 2184 dotem
415 2121 529 2186 offerre
557 2143 684 2185 omnem
715 2120 881 2205 regionem
909 2120 995 2185 inter
1021 2119 1145 2186 Helles-

136 2212 273 2293 pontum
301 2213 334 2272 et
359 2208 469 2292 Halyn
496 2231 623 2273 amnem
650 2208 757 2291 sitam,
789 2209 863 2272 inde
890 2208 1047 2274 orientem
1075 2232 1144 2293 spe·

136 2297 300 2361 etantibus
327 2297 421 2361 terris
448 2301 643 2361 contentum.
689 2295 722 2361 Si
748 2297 831 2361 forte
856 2297 1030 2380 dubitaret,
1059 2298 1179 2380 quoda

140 2385 320 2468 offerretur,
361 2385 517 2469 accipere,
557 2406 733 2468 numquam
768 2385 822 2448 diu
859 2385 971 2450 eodem
1007 2386 1144 2468 vestigio

136 2475 221 2537 stare
248 2472 412 2537 fortunam
443 2494 630 2556 semperque
659 2473 819 2555 homines,
853 2474 1146 2556 quantamcumque

135 2560 322 2624 felicitatem
347 2562 502 2644 habeant,
528 2560 684 2624 invidiam
710 2563 821 2623 tamen
843 2559 961 2623 sentire
984 2559 1146 2624 maiorem.

135 2647 249 2712 Vereri
272 2669 315 2730 se,
336 2670 377 2712 ne
400 2649 509 2713 avium
531 2647 636 2730 modo,
659 2668 738 2729 quas
761 2646 917 2710 naturalia
940 2646 1054 2710 levitas
1073 2668 1181 2731 age-a

136 2739 196 2816 ret,
219 2734 259 2797 ad
283 2735 387 2798 sidera
407 2736 498 2799 inani
521 2758 558 2800 ac
581 2735 696 2817 puerili
718 2737 825 2797 mente
849 2756 883 2798 se
904 2733 1042 2798 efferret:
1064 2736 1147 2801 nihil

137 2822 299 2886 difficilius
323 2843 393 2886 esse
416 2845 512 2906 quam
534 2823 569 2886 in
591 2823 648 2885 illa
670 2825 775 2886 aetate
797 2826 923 2887 tantam
946 2844 1059 2906 capere
1081 2825 1145 2889 for·

136 2915 259 2975 tunam.
297 2909 418 2974 Multas
441 2932 475 2974 se
498 2910 602 2974 adhue
623 2910 775 2994 reliquias
797 2911 916 2976 habere
938 2933 998 2987 nec
1020 2933 1146 2996 semper
1164 2933 1182 2981 4

135 3000 222 3064 inter
253 2998 420 3084 angustias
450 3020 545 3083 posse
573 2999 780 3081 deprehendi:
816 3000 1049 3065 transeundum
1077 3022 1145 3064 esse

141 3087 325 3152 Alexandro
348 3086 539 3170 Euphraten
561 3087 746 3172 Tigrimque
776 3092 809 3152 et
830 3090 961 3152 Araxen
986 3093 1019 3151 et
1041 3085 1146 3152 Choa-

138 3197 226 3262 spen,
248 3197 368 3261 magna
390 3176 591 3239 munimenta
608 3177 700 3261 regni
719 3177 780 3241 sui:
803 3177 997 3242 veniendum
1012 3176 1048 3239 in
1062 3197 1145 3240 cam·

137 3265 660 3436 hlaiatlatlhllftttt
682 3263 1181 3436 tllf333¹tttf¹latlss⁶

84 3516 88 3521 .
138 3439 266 3522 quando
294 3441 456 3506 aditurum
479 3477 522 3488 -
545 3462 586 3504 ne
610 3439 789 3524 Sogdianos
812 3444 845 3504 et
866 3439 1062 3504 Arachosios
1088 3461 1145 3505 no·

138 3528 258 3592 minem
281 3531 465 3614 ceterasque
483 3532 596 3613 gentes
620 3528 661 3592 ad
679 3527 857 3594 Caucasum
880 3532 913 3593 et
927 3527 1054 3591 Tanain
1075 3547 1145 3610 per-
