2422 3892
147 80 222 190 178·
519 128 549 193 Q.
569 127 678 183 CURTI
695 127 783 183 RUFI

146 272 231 336 batis
260 272 377 336 acriter
403 272 517 355 pedem
542 271 661 336 inferre
689 275 870 355 coeperunt
915 271 1085 356 Equitum
1112 272 1161 339 de·

146 360 220 424 inde
238 363 373 443 turmae,
394 381 475 444 quae
493 359 638 424 frenatos
655 359 822 424 habebant
840 380 953 443 equos,
971 360 1163 446 perfregere

147 448 356 513 barbarorum
376 448 491 512 aciem:
513 448 643 512 interim
662 449 761 513 ceteri
779 446 907 532 agmine
930 447 1163 515 dimicantium

95 548 125 595 11
146 538 225 600 tecti
244 540 395 619 aptavere
415 556 449 599 se
467 555 604 618 pugnae.
635 534 710 619 Ipse
728 558 793 617 rex,
811 535 896 619 quod
914 534 1043 621 vigoris
1063 558 1164 691 aqgrc

146 623 250 688 adhuc
274 624 399 705 corpori
422 623 544 701 deerat,
567 623 666 687 animi
684 623 838 688 firmitate
857 623 1045 707 supplebat.
1123 648 1162 692 ox

147 712 350 777 adhortantis
378 731 444 774 non
465 715 594 793 poteret
617 711 720 775 audiri
741 711 885 775 nondum
907 711 989 776 bene
1015 711 1163 781 obducta

94 810 126 857 12
147 799 294 863 cicatrice
311 799 452 881 cervicis,
470 798 527 863 sed
546 799 751 863 dimicantem
770 799 877 864 cuncti
889 799 1058 865 videbant
1096 800 1164 867 Ita·

146 908 207 969 que
233 886 297 970 ipsi
325 887 452 969 quidem
480 886 596 951 ducum
623 887 842 972 fungebantur
867 885 975 952 officio
1008 888 1164 975 aliusque

146 975 246 1037 alium
277 974 440 1039 adhortati
468 975 503 1038 in
531 975 659 1040 hostem
686 975 800 1040 salutis
827 975 1036 1040 immemores
1064 998 1165 1043 ruere

94 1073 126 1121 13
146 1065 328 1146 coeperunt.
368 1062 452 1126 Tum
469 1084 545 1128 vero
567 1084 633 1127 non
656 1085 721 1143 ora,
743 1084 810 1127 non
832 1084 931 1147 arma,
948 1083 1018 1127 non
1038 1064 1164 1131 clame·

144 1172 214 1216 rem
231 1150 376 1215 hostium
391 1152 524 1215 barbari
537 1152 678 1216 tolerare
695 1152 870 1234 potuerunt
883 1171 1064 1235 omnesque
1083 1154 1164 1220 effu·

146 1239 190 1304 sis
208 1238 343 1304 habenis
360 1275 397 1286 -
414 1260 552 1323 namque
567 1239 725 1323 equestria
739 1239 824 1302 acies
838 1241 909 1303 erat
923 1273 964 1285 -
979 1246 1166 1322 capessunt

144 1327 266 1412 fugam.
300 1326 387 1403 Quos
406 1349 475 1410 rex,
498 1348 692 1411 quamquam
709 1327 913 1391 vexationem
929 1326 1072 1393 invalidi
1092 1350 1165 1397 eor·

143 1416 232 1500 poris
251 1416 320 1497 pati
339 1435 405 1479 non
423 1417 566 1495 poterat,
588 1435 645 1495 per
661 1431 757 1479 cxxx
774 1418 885 1479 tamen
902 1413 1010 1479 stedia
1028 1416 1166 1504 insequi

94 1513 126 1560 14
145 1502 370 1585 perseveravit.
414 1500 547 1585 Iamque
569 1501 733 1586 linquente
756 1501 864 1566 animo
888 1502 954 1567 suis
976 1508 1167 1592 praecepit,

144 1593 193 1668 ut,
223 1588 324 1653 donec
350 1589 432 1653 lucis
460 1589 580 1673 aliquid
609 1595 803 1673 superesset,
829 1589 1026 1674 fugientium
1054 1596 1167 1679 tergis

144 1677 361 1760 inhaererent3
384 1677 453 1762 ipse
477 1677 641 1742 exhaustis
666 1678 764 1742 etiam
786 1677 885 1743 animi
907 1677 1034 1744 viribus
1053 1680 1094 1747 in
1114 1704 1165 1749 ca·

93 1774 125 1822 15
145 1771 214 1831 stra
233 1787 266 1830 se
284 1765 407 1849 recepit
420 1766 528 1850 ibique
550 1765 704 1830 substitit
741 1765 950 1831 Transierant
961 1764 1032 1831 iam
1046 1767 1166 1837 Liberi

142 1853 250 1918 Patris
286 1854 458 1936 terminos,
494 1875 629 1938 quorum
661 1856 869 1919 monumenta
899 1853 1029 1937 lapides
1064 1864 1167 1925 erant

144 1942 247 2006 crebri
263 1942 442 2006 intervallis
456 1942 607 2024 dispositi
625 1942 819 2025 arboresque
835 1962 996 2025 procerae,
1016 1964 1165 2028 querum

92 2038 124 2086 re
144 2029 272 2112 stipites
293 2029 410 2092 hedera
429 2031 622 2093 contexerat.
663 2026 725 2094 Sed
742 2028 936 2094 Macedonas
954 2029 1004 2094 ira
1022 2030 1165 2119 longius

143 2115 304 2198 provexit:
327 2116 444 2198 quippe
466 2115 573 2180 media
594 2115 661 2180 fere
683 2120 778 2182 nocte
799 2119 833 2181 in
851 2120 960 2183 cestra
976 2118 1165 2207 redierunt,

143 2202 255 2266 multis
269 2202 463 2286 interfectis,
480 2204 627 2287 pluribus
646 2205 764 2287 captis:
782 2226 945 2291 equosque
963 2222 990 2270 Μ
1007 2210 1045 2271 et
1063 2226 1164 2278 nece

25 2360 34 2377 ‚
143 2292 289 2374 abegere.
340 2288 533 2356 Ceciderunt
561 2295 668 2356 autem
695 2291 907 2359 Macedonum
939 2293 1068 2377 equites
1104 2314 1164 2385 nx,

143 2379 269 2463 pedites
292 2396 312 2445 e
334 2379 414 2463 fere,
438 2380 528 2443 mille
550 2380 650 2444 saucii
674 2379 811 2446 fuerunt.

91 2477 124 2525 1⁷
230 2467 321 2532 Haec
339 2468 499 2550 expeditio
518 2467 716 2533 deficientem
734 2488 855 2552 magna
872 2490 911 2535 ex
928 2472 1024 2553 parte
1038 2470 1202 2543 Asiem38

142 2556 230 2621 fama
252 2559 322 2620 tam
345 2562 545 2641 opportunae
568 2555 721 2620 victoriae
740 2556 873 2622 domuit.
913 2557 1060 2624 Invictos
1080 2558 1162 2649 Scy-

142 2645 215 2708 thas
244 2666 315 2709 esse
340 2644 554 2710 crediderant:
586 2644 703 2728 quibus
730 2643 841 2709 fractis
868 2645 990 2711 nullam
1019 2654 1162 2731 gentem

141 2730 353 2796 Macedonum
381 2735 479 2796 armis
506 2753 618 2815 parem
644 2731 713 2796 fore
742 2733 985 2799 confitebantur.
1036 2734 1162 2825 Itaque

143 2817 242 2882 Sacae
265 2821 380 2884 misere
404 2820 545 2904 legatos,
567 2820 622 2903 qui
643 2819 872 2902 pollicerentur
895 2824 1026 2906 gentem
1050 2824 1162 2911 impa-

92 2908 214 2968 terete
244 2905 411 2970 facturam.
460 2907 607 2972 Moverat
636 2929 690 2973 eos
717 2909 803 2992 regis
825 2930 891 2973 non
908 2909 1011 2974 virtus
1035 2914 1163 2999 magis,

143 3015 238 3076 quam
266 2994 436 3057 clementia
458 2995 493 3058 in
515 2994 657 3060 devictos
680 2993 832 3080 Scythas:
864 2998 980 3081 quippe
1003 3001 1161 3083 captivos

142 3102 252 3146 omnes
286 3081 355 3146 sine
386 3082 490 3165 pretio
523 3083 707 3167 remiserat,
738 3088 776 3148 ut
807 3085 902 3149 fidem
933 3084 1057 3151 faceret
1092 3090 1161 3157 sibi

142 3190 214 3232 cum
241 3169 449 3234 ferocissimis
476 3171 623 3254 gentium
651 3172 689 3236 de
716 3172 919 3258 fortitudine,
945 3194 1011 3238 non
1039 3175 1081 3241 de
1107 3178 1162 3245 ira

89 3256 242 3321 latuisse
266 3262 435 3323 certamen.
475 3257 619 3344 Benigne
642 3260 742 3343 igitur
765 3261 907 3345 exceptis
927 3259 1084 3329 Sacarum
1110 3266 1161 3333 le-

142 3344 227 3428 gatis
255 3347 406 3411 comitem
428 3346 601 3431 Elpinicon
623 3347 718 3431 dedit,
741 3348 845 3414 adhuc
868 3348 1042 3414 admodum
1065 3351 1163 3423 iuve-

140 3453 228 3516 nem,
263 3435 378 3498 aetatis
406 3435 484 3499 flore
513 3436 719 3501 conciliatum
752 3436 828 3520 sibi,
860 3439 914 3521 qui
942 3458 1014 3502 cum
1043 3443 1163 3524 specie

133 3522 282 3606 corporis
305 3527 462 3610 aequaret
478 3517 767 3610 Hephaestionem,
785 3524 819 3587 ei
837 3525 948 3606 lepore
963 3525 1054 3590 haud
1073 3548 1164 3599 sanc
