2422 3892
483 149 514 216 Q.
534 149 645 205 cunni
663 148 750 205 RUFI

543 362 624 429 Osa.
647 363 686 428 V.

79 482 90 528 1
199 469 405 536 Intuentibus
437 469 589 534 lacrimae
619 470 752 534 obortae
778 469 953 552 praebuere
982 471 1132 552 speciem
1143 471 1171 534 ll

110 559 175 624 iam
207 580 273 623 non
304 579 426 642 regem,
463 557 519 621 sed
555 558 651 622 funus
684 558 752 623 eius
787 557 921 621 visentis
955 559 1132 624 exercitus,

76 657 91 703 2
111 647 239 712 Maeror
261 651 370 711 tamen
393 646 669 710 circumstantium
691 646 812 710 lectum
840 645 1019 710 eminebat:
1045 669 1131 730 quos

113 738 147 799 ut
170 757 226 800 rex
251 734 413 816 adspexit,
443 732 663 815 ‘Invenietis,'
690 735 807 818 inquit,
835 731 924 797 ‘cum
947 754 1130 821 excessero,

77 823 245 908 sdignum
273 822 394 886 talibus
422 821 501 886 viris
524 821 672 907 regem?'
704 822 896 887 Incredibile
922 821 1012 886 dictu
1036 824 1128 888 audi-

111 915 223 994 tuque,
251 910 285 974 in
308 910 418 974 eodem
442 909 558 993 babitu
581 911 739 994 eorporis,
766 911 800 974 iu
824 931 919 993 quem
947 931 981 973 se
1007 932 1128 995 conpo-

112 1002 233 1082 suerat,
262 1009 344 1063 oum'
357 999 556 1064 admissurus
580 1000 701 1063 milites
725 1002 822 1080 esset,
853 999 1000 1082 durasse,
1023 1000 1128 1065 donee

111 1090 182 1151 t
184 1089 218 1151 to
242 1088 385 1152 exercitu
408 1087 490 1151 illud
512 1088 571 1150 ult'
547 1091 663 1151 timum
686 1087 904 1171 persalutatus
925 1089 988 1150 est.
1013 1087 1127 1153 dimis-

113 1198 212 1259 soque
235 1176 333 1260 vulgo
357 1177 446 1240 velut
464 1177 552 1240 omni
571 1177 604 1239 vi
605 1179 657 1239 tae
605 1176 785 1240 tdebito
805 1175 961 1238 liberatus
979 1173 1127 1260 fatigata

76 1266 257 1329 emembra
292 1265 409 1329 reiecit.
458 1264 660 1366 Propiusque
693 1264 821 1327 adire
812 1263 910 1327 russis
942 1263 1056 1328 amieis
1085 1301 1122 1311 -

112 1375 189 1417 nam
215 1356 247 1417 et
270 1374 331 1417 vox
355 1353 523 1416 delicere
514 1374 579 1416 1am
603 1356 814 1434 coeperat-
840 1351 894 1414 det
881 1354 1021 1416 tractum
1045 1374 1125 1418 anu-

111 1442 178 1505 lum
210 1441 315 1523 digito
280 1426 518 1504 tPerdiccae
551 1440 686 1503 tradidit
718 1440 832 1504 adiect
808 1445 851 1503 trs
883 1439 1026 1503 mandat'
1001 1445 1060 1524 trs,
1089 1446 1126 1505 ut

77 1539 93 1587 e
112 1549 226 1611 corpus
245 1549 337 1591 suum
357 1528 397 1591 ad
415 1526 632 1591 Hammonem
651 1527 728 1591 ferri
746 1527 901 1592 iuberent.
933 1526 1125 1603 Quaerenti·

110 1616 233 1699 busque
251 1615 318 1697 his,
341 1615 392 1679 eui
411 1616 609 1699 relinqueret
627 1636 775 1699 regnum,
804 1616 983 1699 respondit,
1008 1617 1039 1680 ei
1068 1618 1124 1701 qui

113 1709 197 1769 esset
225 1704 380 1787 optimust
408 1708 549 1769 ceterum
577 1705 746 1789 providere
774 1705 839 1768 iam
863 1725 910 1784 se,
934 1704 975 1768 ob
999 1704 1033 1767 id
1056 1726 1123 1770 cer·

77 1799 220 1858 stamen
258 1813 394 1877 magnos
429 1794 580 1858 funebres
612 1793 703 1857 ludos
736 1794 844 1875 parari
876 1791 947 1856 sibi.
997 1791 1122 1858 Rursus

111 1881 261 1948 Perdicca
279 1883 510 1964 interrogante,
532 1882 659 1965 quando
679 1882 832 1945 caelestes
851 1879 989 1944 honores
1008 1879 1123 1945 haberi

112 1970 174 2033 sibi
202 1970 311 2052 vellet,
339 1969 432 2046 dixit,
455 1973 526 2033 tum
555 1970 650 2052 velle,
678 1991 750 2034 cum
778 1969 841 2052 ipsi
868 1968 977 2032 felices
1006 1974 1124 2035 essent.

112 2056 269 2138 Suprema
287 2057 368 2120 haee
386 2077 448 2119 vox
466 2055 529 2119 fuit
548 2057 634 2138 regis
654 2060 687 2120 et
705 2058 800 2140 paulo
820 2059 895 2140 post
912 2056 1123 2140 extinguitur.

78 2156 92 2203 7
201 2143 250 2206 Ac
272 2143 378 2225 primo
403 2144 532 2225 ploratu
554 2145 768 2228 lamentisque
792 2148 825 2208 et
846 2145 1029 2228 planctibus
1050 2149 1123 2210 tota
1135 2143 1169 2208 15

112 2233 201 2316 regia
219 2231 429 2316 personabat:
453 2253 528 2295 mox
546 2232 636 2296 velut
654 2233 688 2296 in
706 2237 800 2297 vasta
818 2233 993 2297 solitudine
1012 2235 1123 2299 omnia

112 2322 199 2386 tristi
227 2320 356 2386 silentio
385 2323 474 2384 muta
501 2321 687 2404 torpebant,
716 2321 756 2384 ad
786 2322 1014 2405 cogitationes,
1045 2323 1123 2407 quid

77 2411 225 2476 edeinde
252 2411 397 2475 futurum
422 2412 515 2492 esset,
540 2410 650 2474 dolore
673 2430 836 2474 converso.
872 2410 1006 2474 Nobiles
1030 2410 1123 2494 pueri

112 2499 275 2564 custodiae
304 2497 448 2582 corporis
477 2498 545 2561 eius
576 2497 700 2561 adsueti
726 2518 786 2560 nec
813 2496 934 2562 doloris
961 2499 1123 2582 magnitu-

112 2588 219 2652 dinem
251 2609 364 2671 oapere
396 2608 455 2651 nee
485 2608 520 2650 se
547 2586 636 2669 ipsos
668 2585 754 2649 intra
784 2586 982 2657 vestibulum
1013 2587 1122 2672 regiae

112 2681 220 2741 tenere
240 2678 427 2760 potuerunt:
447 2674 583 2758 vagique
603 2678 635 2738 et
653 2673 834 2737 furentibus
854 2675 976 2737 similes
995 2679 1121 2739 tantam

114 2766 225 2828 urbem
248 2765 337 2828 luctu
360 2785 397 2828 ao
420 2784 563 2826 maerore
588 2762 816 2844 conpleverant
837 2762 934 2826 nullis
954 2764 1122 2843 questibus

77 2853 251 2933 somissis,
280 2873 360 2934 quos
389 2852 422 2914 in
450 2850 510 2914 tali
539 2871 614 2914 casu
640 2850 732 2913 dolor
755 2851 907 2934 suggerit.
953 2851 1042 2935 Ergo
1067 2852 1123 2936 qui

113 2941 204 3003 extra
218 2938 342 3021 regiam
357 2938 560 3022 adstiterunt,
579 2938 769 3003 Macedones
784 2941 905 3022 pariter
919 2939 1123 3024 barbarique,

113 3029 306 3092 concurrunt
322 3047 382 3092 ,neo
402 3029 553 3109 poterant
571 3027 648 3091 victi
667 3049 686 3090 a
704 3027 883 3091 victoribus
907 3028 941 3091 in
960 3029 1122 3093 communi

112 3117 222 3182 dolore
242 3115 387 3180 discerni.
423 3112 540 3178 Persae
560 3110 773 3179 iustissimum
792 3138 829 3180 ao
845 3115 1055 3181 mitissimum
1069 3115 1122 3180 do·

113 3206 249 3286 minum,
268 3203 459 3269 Macedones
479 3203 638 3286 optimum
658 3225 696 3267 ac
710 3203 924 3268 fortissimum
947 3224 1058 3288 regem
1077 3205 1123 3268 in·

64 3303 94 3350 ιο
114 3296 265 3356 vocantes
293 3302 455 3357 certamen
488 3291 650 3375 quoddam
679 3293 834 3355 maeroris
863 3291 1009 3358 edebant.
1054 3291 1124 3358 Neo

113 3385 307 3445 maestorum
349 3382 468 3463 solum,
509 3380 564 3444 sed
607 3380 705 3444 etiam
746 3379 986 3463 indignantium
1027 3402 1123 3447 voces

114 3468 380 3551 exaudiebantur,
411 3472 480 3532 tam
511 3468 648 3532 viridem
680 3468 713 3531 et
745 3466 779 3529 in
806 3467 884 3532 flore
918 3468 1036 3533 aetatis
1058 3469 1122 3536 for·

112 3562 271 3641 tunaeque
298 3556 420 3620 invidia
448 3557 543 3620 deum
570 3558 715 3639 ereptum
746 3575 816 3620 esse
844 3556 940 3621 rebus
962 3557 1122 3622 humanis.

248 3830 312 3845 -n
