2422 3892
318 154 571 210 HISTORIARUM
589 153 804 210 ALEXANDRI
821 159 881 228 VH,
897 169 922 216 2.
1057 158 1121 223 155

112 300 288 364 stituerunt
309 299 415 382 prima
436 298 507 362 luce
531 297 570 362 ad
589 297 837 363 Parmenionem
860 299 959 364 coire:
981 321 1120 384 namque

112 388 224 452 ceteris
257 408 384 470 quoque
411 386 539 451 litteras
561 387 649 470 regis
677 387 841 451 attulerat.
885 387 956 451 Iam
983 387 1024 451 ad
1048 409 1120 452 eum

111 475 240 539 venturi
268 478 373 556 erant,
401 496 473 540 cum
495 473 703 538 Parmenioni
724 472 965 557 Polydamanta
992 475 1119 540 venisse

111 562 348 628 nuntiaverunt.
390 561 453 638 Qui
472 561 546 626 dum
565 561 706 626 laetatur
724 562 865 628 adventu
884 562 991 646 amici,
1011 563 1120 627 simul·
1138 578 1169 626 21

112 672 173 735 que
191 650 353 735 noscendi,
376 672 457 733 quae
475 672 532 714 rex
551 653 671 735 ageret,
690 650 803 715 aridus
824 686 862 698 —
883 651 1001 735 quippe
1020 651 1120 736 longo

111 739 282 802 intervallo
305 739 428 803 nullam
451 738 492 803 ab
516 759 553 802 ao
577 738 749 821 epistolam
772 742 940 822 acceperat
965 775 1001 785 —
1026 739 1121 823 Poly·

111 826 264 891 damanta
286 826 408 910 requiri
425 826 523 890 iubet.
564 825 757 890 Deversoria
778 827 923 911 regionis
946 827 1034 891 illius
1053 850 1121 892 ma·
1139 841 1172 890 22

113 935 195 999 gnos
209 935 353 979 recessus
366 914 490 978 habent
503 935 719 998 amoenosque
732 916 917 980 nemoribus
931 938 1028 980 manu
1046 937 1121 981 con·

112 1003 198 1067 sitis:
217 1024 255 1066 ea
273 1002 443 1085 praecipue
461 1021 575 1084 regum
594 1005 861 1085 satraparumque
878 1003 1027 1087 voluptas
1042 1007 1120 1068 erat

113 1088 324 1171 Spatiabatur
344 1089 379 1153 in
397 1110 527 1153 nemore
545 1089 739 1154 Parmenion
761 1090 885 1154 medius
908 1091 993 1155 inter
1015 1091 1120 1174 duces,
1139 1106 1173 1154 23

112 1177 229 1260 quibus
257 1181 328 1241 erat
356 1177 551 1260 imperatum
578 1177 698 1242 litteris
730 1178 833 1263 regis,
863 1180 901 1241 ut
931 1179 1121 1244 occiderent.

112 1265 266 1348 Agendae
290 1267 397 1329 autem
420 1265 468 1330 rei
487 1265 720 1330 constituerant
738 1269 876 1349 tempus,
898 1286 971 1330 cum
993 1266 1122 1330 Parme-

112 1353 188 1417 nion
212 1375 232 1416 a
253 1351 487 1435 Polydamante
514 1353 640 1417 litteras
662 1352 800 1418 traditas
823 1353 930 1436 legere
954 1354 1121 1436 coepisset.

111 1439 305 1524 Polydamas
324 1441 436 1524 procul
454 1441 597 1523 veniens,
615 1445 653 1506 ut
668 1463 687 1505 a
701 1439 913 1505 Parmenione
931 1444 1121 1524 conspectus
1140 1455 1175 1504 24

112 1533 170 1612 est,
193 1530 286 1594 vultu
308 1529 455 1594 laetitiae
474 1529 613 1612 speciem
635 1529 836 1612 praeferente
860 1528 902 1593 ad
920 1530 1120 1612 conplecten-

115 1617 189 1680 dum
212 1638 285 1680 eum
304 1617 446 1681 cucurrit
462 1619 637 1701 mutuaque
656 1617 875 1700 gratulatione
892 1616 1005 1699 functi,
1027 1616 1122 1700 Poly·

112 1704 224 1767 damas
253 1704 425 1785 epistolam
448 1725 468 1767 a
489 1723 567 1786 rege
590 1704 744 1786 scriptam
767 1705 797 1768 ei
818 1704 977 1787 tradidit,
995 1703 1123 1768 Parme·
1140 1717 1175 1766 25

112 1792 190 1854 nion
212 1791 377 1854 vinculum
399 1790 555 1873 epistolae
577 1791 721 1873 solvens,
746 1791 899 1874 quidnam
921 1812 978 1854 rex
1002 1795 1122 1875 ageret,

113 1878 307 1961 requirebat.
351 1877 410 1940 llle
440 1899 478 1941 ex
505 1877 585 1960 ipsis
612 1878 730 1942 litteris
754 1878 959 1962 cogniturum
983 1899 1053 1942 esse
1075 1899 1123 1942 re·

114 1966 251 2049 spondit.
297 1964 421 2041 Quibus
444 1964 639 2030 Parmenion
661 1966 768 2049 lectis,
791 1964 893 2050 ‘Rex',
914 1965 1037 2050 inquit,
1059 1964 1122 2030 ‘err-
1141 1980 1175 2030 26

113 2054 310 2138 peditionem
332 2057 429 2136 parat
450 2053 484 2116 in
507 2053 713 2118 Arachosios.
759 2052 932 2119 Strenuum
957 2054 1123 2118 hominem

66 2172 67 2175 ¹
115 2145 148 2205 et
166 2163 340 2225 numquam
360 2142 552 2205 cessantem!
588 2138 651 2206 Sed
669 2145 798 2225 tempus
818 2142 917 2207 saluti
936 2163 1012 2206 suae
1031 2146 1124 2206 tanta

113 2230 179 2294 iam
201 2234 296 2312 parta
318 2229 425 2314 gloria
450 2250 590 2313 parcere.
639 2228 787 2294 Alteram
815 2230 927 2294 deinde
950 2231 1123 2312 epistolam
1141 2245 1175 2293 27
1204 2302 1207 2307 ,

113 2316 263 2382 Philotae
280 2318 411 2382 nomine
429 2318 582 2400 scriptam
600 2317 717 2400 laetus,
738 2317 822 2401 quod
846 2339 885 2382 ex
904 2318 996 2382 vultu
1015 2317 1122 2381 notari

113 2410 257 2489 poterat,
279 2405 418 2490 legebat.
463 2406 545 2469 Tum
565 2406 632 2469 eius
651 2406 737 2468 latus
756 2404 865 2488 gladio
883 2404 993 2467 haurit
1010 2401 1124 2467 Clean·

115 2495 184 2578 der,
218 2493 331 2558 deinde
363 2493 510 2579 iugulum
537 2492 626 2556 ferit:
658 2492 757 2557 ceteri
788 2491 970 2554 exanimum
998 2512 1124 2575 quoque

83 2581 312 2664 9oonfodiunt.
357 2580 403 2645 At
425 2581 592 2664 armigeri,
619 2579 674 2662 qui
697 2578 737 2642 ad
760 2579 884 2642 aditum
906 2578 1048 2641 nemoris
1071 2579 1125 2642 ad·
1142 2593 1177 2642 28

116 2670 280 2753 stiterant,
308 2669 439 2751 cognita
466 2667 576 2749 caede,
602 2667 692 2732 ouius
715 2686 813 2730 causa
841 2665 1063 2749 ignorabatur,
1090 2666 1125 2728 in

116 2760 224 2822 castra
245 2755 439 2837 perveniunt
462 2758 495 2818 et
516 2753 717 2817 tumultuoso
740 2751 854 2817 nuntio
878 2752 998 2817 milites
1022 2753 1125 2816 conci·

115 2846 197 2908 tant.
236 2841 289 2907 Illi
312 2842 428 2906 armati
451 2842 491 2906 ad
513 2863 636 2924 nemus,
659 2841 692 2904 in
716 2862 779 2925 quo
801 2843 988 2924 perpetrata
1011 2840 1123 2905 caedes
1143 2856 1176 2905 29

117 2935 196 3009 erat,
219 2933 336 2995 coeunt
352 2933 394 3013 et,
415 2929 451 2994 ni
467 2928 660 3012 Polydamas
679 2929 840 3012 ceterique
859 2928 1003 2994 eiusdem
1020 2950 1124 2993 noxae

116 3019 292 3103 participes
312 3018 479 3099 dedantur,
497 3038 624 3081 murum
646 3017 879 3083 circumdatum
897 3017 1021 3082 nemori
1039 3038 1126 3081 ever-

117 3129 209 3172 suros
238 3106 429 3171 denuntiant
456 3104 661 3189 omniumque
689 3106 843 3191 sanguine
874 3106 949 3170 duci
977 3107 1125 3187 parenta-

117 3199 218 3258 turos.
254 3193 413 3259 Cleander
430 3193 589 3277 primores
607 3215 717 3257 eorum
735 3193 913 3259 intromitti
931 3193 1022 3257 iubet
1040 3192 1126 3257 litte·
1144 3210 1178 3258 30

119 3303 235 3364 raeque
254 3282 341 3364 regis
360 3281 497 3364 scriptas
517 3280 557 3344 ad
576 3280 698 3345 milites
712 3282 838 3364 recitat,
855 3281 971 3362 quibus
989 3279 1126 3344 insidiae

116 3369 341 3434 Parmenionis
359 3370 394 3433 in
411 3389 522 3454 regam
539 3389 723 3452 precesque,
741 3370 778 3432 ut
795 3369 902 3451 ipsum
916 3367 1126 3451 vindicarent,

116 3457 327 3522 continebant
367 3506 373 3521 .
427 3455 532 3541 Igitur
569 3456 701 3540 cognita
737 3456 824 3538 regis
861 3456 1026 3519 voluntate
1061 3476 1127 3519 non
1145 3471 1178 3520 81

116 3546 245 3630 quidem
273 3545 469 3629 indignatio,
502 3544 556 3608 sed
584 3548 695 3608 tamen
722 3543 842 3608 seditio
870 3563 1056 3624 conpressa
1078 3544 1148 3598 aaa.
