2422 3892
247 158 502 216 HISTORIARUM
520 159 735 214 ALEXANDRI
753 160 841 231 VIIII,
860 166 885 216 t.
1009 163 1074 226 241

61 326 189 370 murum
209 307 251 389 et,
270 325 334 388 qua
352 303 459 369 moliti
472 307 566 368 erant
583 304 717 388 aditum,
739 303 889 388 inrupere
909 305 943 369 in
960 307 1074 371 urbem

61 390 222 479 Indosque
250 393 359 476 plures
382 392 545 478 fugientes
575 415 671 477 quam
695 393 848 478 congredi
875 415 971 459 ausos
995 395 1074 459 ceci·

61 481 185 547 derunt
219 479 252 547 N
254 503 296 547 on
309 481 441 546 senibus
446 531 456 564 ,
473 502 540 546 non
552 479 698 565 feminis,
718 503 785 546 non
803 480 982 547 infantibus
1001 505 1073 565 par·
1092 496 1131 544 ao

62 571 161 634 citur:
189 568 334 654 quisquis
358 572 552 653 occurrerat,
580 569 620 633 ab
648 569 705 635 illo
732 570 937 635 vulneratum
964 591 1074 654 regem

62 679 133 724 esse
174 659 356 725 credebant.
420 656 626 742 Tandemque
669 657 886 724 internecione
929 660 1073 724 hostium

62 747 168 811 iustae
190 746 258 810 irae
285 749 492 829 parentatum
516 747 575 810 est
613 743 850 830 Ptolemaeum,
881 747 937 830 qui
960 751 1074 831 postea
1093 759 1125 806 21

62 834 224 919 regnavit,
250 834 327 898 huic
352 853 481 917 pugnae
510 832 651 898 adfuisse
680 843 791 909 auctor
816 839 867 900 est
890 833 1073 901 Clitarchus

63 926 96 986 et
127 922 329 1007 Timagenes.
380 919 443 986 Sed
474 921 558 1005 ipse,
591 921 714 987 scilieet
744 923 868 1007 gloriae
901 945 977 988 suae
1008 946 1074 989 non

61 1010 258 1096 refragatus,
281 1008 401 1073 afuisse
423 1030 458 1073 se
481 1009 616 1074 missum
638 1009 672 1073 in
696 1011 932 1094 expeditionem
954 1032 1074 1077 memo·

62 1098 130 1163 riae
165 1097 310 1162 tradidit.
363 1096 469 1161 Tanta
510 1098 760 1180 conponentium
799 1102 927 1164 vetusta
967 1122 1074 1164 rerum

63 1188 274 1251 monumenta
296 1185 349 1250 vel
368 1185 525 1250 securitas
543 1186 608 1268 vel,
630 1208 690 1269 par
712 1185 788 1250 huie
811 1187 941 1270 vitium,
964 1189 1075 1252 credue

10 1274 54 1339 22
63 1273 140 1339 litas
158 1273 236 1339 fuiti
267 1271 358 1358 Rege
376 1272 410 1337 in
428 1273 673 1338 tabernaculum
691 1274 795 1338 relato
814 1275 931 1339 medici
948 1274 1075 1358 lignum
1093 1287 1129 1335 aa

65 1363 205 1447 sagittae
232 1361 360 1444 corpori
387 1361 504 1426 infixae
531 1363 591 1446 ita,
622 1383 664 1426 ne
691 1363 851 1446 spiculum
882 1367 1076 1448 moveretur,

64 1450 242 1516 abscidunt.
267 1447 410 1534 Corpore
425 1449 538 1515 deinde
551 1450 672 1516 nudate
687 1450 948 1516 animadvertunt
961 1450 1075 1516 hamos
1093 1463 1128 1511 aa

62 1539 167 1605 inesse
188 1537 256 1604 telo
278 1559 338 1604 nec
359 1538 455 1603 aliter
477 1538 510 1603 id
534 1537 602 1604 sine
624 1539 766 1622 pernicie
784 1539 928 1623 corporis
950 1540 1076 1604 extrahi

62 1646 172 1710 posse,
200 1647 298 1710 quam
326 1630 362 1689 ut
389 1626 527 1691 secando
558 1628 674 1691 vulnus
702 1632 868 1714 augerent.
917 1625 1076 1707 Ceterum,
1094 1640 1129 1687 aa

62 1736 104 1779 ne
127 1717 273 1780 secantes
301 1713 494 1796 profluvium
521 1714 690 1798 sanguinis
713 1720 896 1800 occuparet,
923 1715 1075 1780 vereban-

62 1806 128 1867 tur:
158 1801 275 1886 quippe
297 1802 412 1885 ingens
435 1802 537 1866 telum
560 1802 709 1866 adactum
733 1805 804 1866 erat
828 1806 862 1867 et
888 1806 1077 1884 penetrasse

63 1889 246 1956 inviscera
272 1889 452 1955 videbatur.
489 1887 690 1971 Critobulus,
714 1891 801 1953 inter
827 1889 967 1953 medicos
996 1891 1076 1954 artis
1095 1902 1131 1950 25

63 1977 292 2061 eximiae,.sed
316 1977 351 2041 in
372 1980 466 2041 tanto
484 1975 629 2060 periculo
647 1975 794 2061 territus,
816 1996 946 2042 munus
968 1978 1076 2042 admo·

63 2088 138 2132 vere
167 2065 345 2147 metuebat,
371 2085 412 2128 no
439 2065 474 2129 in
504 2064 619 2148 ipsius
635 2068 733 2149 ceput
758 2086 874 2150 parum
901 2087 1076 2150 prosperae

64 2154 241 2220 curationis
278 2152 434 2218 recideret
467 2157 609 2219 eventus.
662 2152 900 2219 Lacrimantem
934 2175 1007 2219 eum
1039 2174 1077 2219 ac
1095 2166 1132 2214 ae

64 2246 261 2308 metuentem
293 2245 327 2306 et
363 2241 580 2306 sollicitudine
615 2242 848 2325 propemodum
882 2263 1077 2327 exsanguem

63 2353 122 2397 rex
149 2332 368 2416 conspexerat
412 2328 529 2413 ‘Quid',
555 2330 676 2414 inquit,
703 2328 840 2414 ‘quodve
866 2333 995 2412 tempus
1024 2350 1078 2392 ex-

31 2453 33 2458 ·
64 2423 177 2504 pectas
191 2422 225 2485 et
237 2440 303 2484 non
320 2419 555 2504 quamprimum
573 2417 636 2483 hoc
655 2418 764 2481 dolore
781 2438 832 2481 me
847 2417 963 2481 saltem
982 2417 1077 2480 mori·

62 2513 173 2574 turum
199 2506 343 2573 liberas?
379 2506 433 2571 An
457 2507 569 2589 times,
596 2527 637 2569 ne
665 2526 738 2569 reus
767 2505 825 2588 sis,
853 2525 926 2568 cum
948 2505 1076 2568 insana-

64 2598 130 2661 bile
162 2596 280 2661 vulnus
311 2592 524 2677 acceperiml'
573 2592 619 2657 At
646 2590 832 2658 Critobulus
864 2592 996 2655 tandem
1023 2592 1076 2655 vel
1096 2604 1132 2651 2⁷

65 2684 158 2747 finito
181 2682 235 2746 vel
257 2681 459 2746 dissimulato
482 2685 571 2745 metu
593 2680 719 2745 hortari
737 2701 811 2744 eum
834 2679 955 2764 coepit,
983 2683 1020 2744 ut
1043 2701 1077 2768 ae

63 2769 295 2836 continendum
314 2768 498 2852 praeberet,
519 2769 596 2832 dum
614 2768 775 2852 spiculum
794 2768 958 2832 evelleret:
978 2769 1077 2832 etiam

65 2860 170 2923 levem
198 2857 342 2941 corporis
370 2861 495 2922 motum
516 2857 649 2922 noxium
676 2857 754 2922 fore.
796 2854 866 2921 Rex
885 2877 957 2943 eum
986 2857 1077 2921 adfir-
1095 2866 1132 2916 28

64 2950 187 3012 masset
218 2945 302 3010 nihil
331 2966 412 3029 opus
448 2966 517 3010 esse
548 2946 603 3030 iis,
639 2945 694 3029 qui
730 2949 833 3010 semet
864 2945 1077 3028 continerent,

64 3037 151 3102 sicut
181 3036 389 3121 praeceptum
417 3036 505 3117 erat,
540 3032 608 3098 sine
640 3036 733 3098 motu
770 3033 921 3118 praebuit
952 3055 1078 3116 corpus.

64 3124 170 3210 Igitur
187 3123 353 3207 patefacto
372 3122 471 3187 latius
489 3122 621 3187 vulnere
638 3126 671 3186 et
690 3123 813 3205 spiculo
833 3121 943 3186 evolso
962 3121 1077 3205 ingens

65 3214 115 3277 ris
144 3212 309 3297 sanguinis
340 3231 472 3275 manare
497 3211 605 3294 coepit
629 3210 795 3294 linquique
824 3207 931 3274 animo
959 3231 1016 3273 rex
1045 3212 1078 3273 et

64 3300 205 3383 caligine
225 3299 325 3365 oculis
344 3299 447 3364 offusa
463 3299 554 3364 velut
574 3299 783 3365 moribundus
803 3296 940 3362 extendi.
981 3295 1076 3362 Cum·
1096 3308 1132 3356 aa

67 3410 129 3473 que
146 3388 340 3472 profluvium
354 3386 596 3453 medicamentis
614 3386 737 3452 frustra
750 3385 943 3468 inhiberent,
956 3387 1078 3450 clamor

66 3477 164 3541 simul
182 3480 280 3560 atque
299 3477 450 3562 ploratus
469 3477 652 3544 amicorum
670 3475 775 3542 oritm
790 3493 914 3558 regem
930 3472 1109 3551 expirasse

54 3564 263 3632 credentium.
294 3566 442 3636 Tandem
458 3569 619 3640 constitit
635 3564 782 3655 sanguis
796 3557 1047 3650 quatetenus
1058 3560 1134 3600 anx·

96 3673 192 3719 omre·
205 3680 292 3726 nunu,
941 3658 984 3705 W
