2422 3892
119 132 181 197 182
488 131 519 196 Q.
538 129 648 186 CURTI
665 127 752 183 RUFI

67 291 99 340 1ι
119 298 177 342 nos
197 299 217 341 a
237 275 330 341 vobis
348 277 543 341 convertam
582 272 767 338 Praemium
786 271 893 337 erit
866 293 908 355 er,
927 271 985 356 qui
1001 271 1134 355 primus

120 363 324 448 occupaverit
350 363 517 445 verticem,
549 361 675 427 talenta
697 379 735 445 n,
761 381 825 425 uno
848 360 956 424 minus
980 359 1135 445 accipiet,

120 453 175 537 qui
197 451 358 536 proximus
382 451 412 516 ei
434 450 566 533 venerit,
589 449 762 532 eademque
785 447 825 513 ed
848 447 957 512 decem
980 448 1134 515 hominos

121 541 302 606 servabitur
323 539 441 623 portio.
486 537 617 604 Certum
637 540 745 601 autem
765 537 869 602 habeo
887 556 947 601 vos
969 557 1041 601 non
1062 539 1135 602 tam

68 642 101 690 13
119 627 386 693 liberalitatem
376 649 410 691 m
411 626 496 691 tueri
523 647 652 726 meam,
672 646 768 708 quam
796 625 942 689 voluntat
942 622 1017 688 em'
1072 624 1176 691 Η1ι41

120 715 237 780 animis
255 735 366 799 regem
385 715 563 799 audierunt,
584 713 652 778 ut
642 735 708 777 ram
727 712 850 796 cepisse
868 711 1025 777 verticem
1045 713 1135 778 vide-

121 807 243 868 rentur:
266 803 453 886 dimissique
474 801 595 866 ferreos
614 821 740 882 cuneos,
763 821 843 884 quos
865 799 949 864 inter
972 821 1056 865 saxa
1079 801 1136 867 de·

69 904 102 953 14
120 890 270 974 figerent,
289 890 475 992 validosque
494 890 585 954 funes
602 849 772 974 parabairt.
807 886 877 952 Rex
895 888 1135 957 circumvectus

121 980 256 1063 petram,
279 999 343 1062 qua
365 979 497 1043 minime
520 999 615 1061 asper
637 998 674 1042 ae
695 979 888 1060 praeruptus
911 976 1019 1041 aditus
1042 977 1136 1044 vide·

120 1067 178 1130 bat
179 1088 230 1150 ur,
262 1067 400 1132 secunda
426 1066 552 1150 vigilia,
584 1065 670 1150 quod
701 1064 783 1129 bene
814 1066 967 1146 verteret,
998 1065 1136 1150 ingredi

122 1154 220 1220 iubet
256 1154 312 1218 Illi
331 1154 525 1220 alimentis
515 1176 550 1218 m
572 1154 705 1218 biduum
728 1152 866 1236 sumptis
889 1113 1006 1238 gladiis
1031 1156 1135 1221 modo

68 1257 102 1305 15
122 1245 218 1326 atque
239 1242 344 1308 hastis
363 1243 480 1308 armati
503 1242 611 1308 subire
630 1245 813 1324 coeperunt.
848 1239 898 1305 Ac
914 1241 1021 1324 primo
1041 1244 1136 1326 pedi·

122 1331 182 1395 bus
208 1331 347 1415 ingressi
371 1335 457 1396 sunt:
485 1331 598 1395 deinde
621 1333 657 1394 ut
683 1330 717 1393 in
739 1332 914 1414 praerupto
935 1334 1137 1413 perventum

121 1421 184 1502 est,
215 1419 272 1482 elii
302 1419 452 1483 manibus
484 1419 659 1482 eminentia
690 1439 769 1482 saxa
800 1417 947 1501 conplexi
978 1417 1137 1486 levavere

121 1508 236 1589 semet,
268 1505 325 1570 alii
353 1505 486 1571 adiectis
512 1505 636 1569 funium
663 1504 786 1588 laqueis
814 1526 957 1584 evasere,
985 1506 1137 1593 quidam,

121 1614 192 1656 eum
223 1613 339 1658 euneos
367 1595 452 1659 inter
475 1616 552 1658 saxa
576 1593 751 1677 defigerent
772 1598 809 1658 ιιι
829 1592 960 1678 gradus,
991 1595 1137 1662 subinde

121 1680 193 1764 quis
215 1681 411 1747 insisterent.
457 1681 552 1747 Diem
570 1681 655 1747 inter
677 1684 799 1746 metum
821 1681 1030 1765 laboremque
1057 1705 1137 1750 con·

70 1773 335 1853 resumpserunt.
383 1771 446 1835 Per
477 1792 591 1854 aspera
621 1770 702 1835 nisis
734 1769 865 1834 duriora
895 1769 1068 1836 restabant
1099 1776 1137 1838 ot

121 1878 262 1924 crescere
290 1859 427 1923 altitudo
453 1862 566 1942 petrae
589 1858 765 1924 videbatur.
809 1856 873 1922 Illa
894 1878 969 1922 vere
993 1859 1136 1925 misera·

119 1945 196 2008 bilis
214 1949 285 2009 erat
302 1945 414 2030 facies,
437 1968 509 2011 oum
526 1946 564 2029 ii,
586 1967 666 2030 quos
683 1945 847 2011 instabilis
866 1945 985 2029 gradus
1003 1944 1136 2013 fefelle-

119 2036 184 2115 rat,
215 2054 254 2096 ex
284 2034 453 2116 praecipiti
485 2033 742 2098 devolverentur:
778 2054 855 2098 mox
886 2033 998 2098 eadem
1027 2034 1067 2100 in
1095 2058 1135 2102 se

72 2132 100 2184 17
120 2119 272 2200 patienda
295 2120 392 2184 alieni
415 2141 507 2185 casus
531 2121 720 2185 ostendebat
743 2122 931 2205 exemplum.
974 2121 1039 2186 Per
1067 2122 1135 2190 hu

119 2213 228 2271 tamen
251 2207 458 2273 difficultates
483 2209 648 2274 enituntur
669 2209 704 2272 in
726 2209 880 2274 verticem
902 2209 1038 2293 montis,
1062 2232 1136 2277 om·

120 2315 177 2360 nes
194 2294 387 2380 fatigatione
406 2296 585 2362 continuati
603 2297 724 2362 laboris
744 2296 872 2380 adfecti,
895 2297 1024 2381 quidam
1044 2301 1136 2365 mul·

121 2383 184 2446 cati
205 2387 299 2468 parte
321 2385 551 2470 membrorum,
574 2384 756 2468 pariterque
779 2406 834 2450 eos
857 2388 890 2449 et
907 2406 972 2450 nox
990 2387 1023 2449 et
1043 2407 1134 2453 som·

68 2482 101 2532 18
120 2493 179 2536 nus
208 2473 378 2556 oppressit.
421 2471 539 2538 Stratis
562 2473 685 2556 pareim
705 2473 892 2556 corporibus
915 2473 951 2537 in
971 2472 1071 2538 inviis
1096 2479 1139 2542 ιι·

120 2560 242 2643 asperis
262 2572 411 2626 saxorum
430 2561 564 2645 periculi
581 2561 733 2625 instantis
748 2560 844 2625 obliti
861 2561 895 2626 in
913 2561 1017 2625 lucem
1036 2561 1134 2646 quie·

118 2653 245 2713 verunt:
268 2649 473 2733 tandemque,
497 2650 586 2715 velut
608 2671 647 2714 ex
670 2647 737 2714 alto
760 2669 876 2731 sopore
899 2648 1045 2732 excitati,
1075 2672 1133 2716 oc·

119 2735 222 2800 cultae
254 2737 477 2821 subiectasque
502 2737 583 2820 ipsis
611 2736 712 2801 valles
738 2737 906 2820 rimantes,
938 2736 1060 2822 ignari,
1093 2737 1131 2804 in

120 2844 183 2905 qua
217 2832 310 2906 parte
341 2828 452 2907 petrae
482 2826 575 2889 tanta
609 2822 659 2888 vis
694 2823 837 2889 hostium
868 2825 999 2890 condita
1029 2831 1134 2913 esset,

67 2923 100 2970 19
119 2911 242 2974 fumum
266 2931 362 2992 specu
379 2910 465 2975 infra
488 2933 522 2976 se
540 2913 628 2994 ipsos
647 2911 812 2978 evolutum
830 2916 1032 2978 notaverunt
1075 2913 1133 2980 Ex

119 3019 182 3082 quo
204 2998 416 3081 intellectum,
439 2999 530 3063 illam
553 2999 695 3065 hostium
717 3001 875 3066 latebram
894 3022 975 3066 esso.
1007 2999 1133 3086 Itaque

118 3086 221 3152 hastis
239 3086 418 3170 inposuere,
436 3087 521 3171 quod
540 3090 730 3153 convenerat
729 3089 895 3174 wsignum
935 3089 999 3154 Tot
984 3093 1087 3173 toque
1110 3112 1132 3156 e

65 3186 100 3236 ιο
118 3195 250 3239 numero
269 3193 295 3239 11
309 3178 342 3239 et
354 3192 427 3240 xxx
445 3175 480 3239 in
498 3197 631 3242 ascensu
645 3139 794 3241 interisse
812 3177 1021 3263 adgnoscunt
1053 3175 1130 3246 Rex
1140 3179 1180 3246 42

118 3283 184 3326 non
211 3263 357 3346 cupidine
384 3263 488 3348 magis
511 3268 568 3347 pot
553 3264 658 3329 tiundi
681 3264 757 3349 loci,
784 3286 880 3348 quam
906 3266 976 3330 vice
1003 3284 1132 3352 eorum,

119 3372 199 3435 quos
223 3350 296 3415 adt
281 3354 349 3416 tam
367 3351 520 3417 manifest
506 3356 575 3416 tum
593 3351 770 3436 perieulum
792 3353 939 3437 miserat,
963 3352 1131 3421 sollicitus

117 3437 262 3504 totodie
285 3440 452 3505 eacumina
474 3441 595 3506 montis
617 3440 744 3504 intuens
767 3460 817 3504 res
819 3441 897 3505 titit·
941 3439 1050 3505 Noctu
1075 3443 1132 3508 de·

99 3548 206 3615 mum,
232 3550 307 3598 eum
327 3535 516 3600 obscuritas
536 3531 747 3614 conspectum
764 3527 936 3590 oculorum
949 3527 1148 3613 ademisse,
