2422 3892
140 128 181 193 38
511 131 542 196 Q.
563 132 674 186 oolam
690 131 776 186 RUFI

137 278 271 354 ventum
292 297 360 339 non
377 276 490 359 latere,
513 275 568 339 sed
589 280 677 340 recta
698 277 806 342 fronte
829 277 956 342 direxit:
980 299 1019 342 ea
1041 282 1151 344 cetera

138 385 236 448 opera
266 365 357 428 velut
388 364 446 427 sub
478 365 549 446 ipsa
579 365 714 428 latentia
744 366 908 429 tuebatur:
944 366 1150 431 latitudinem

138 473 264 535 quoque
294 452 405 535 aggeri
435 451 564 534 adiecit,
595 456 631 515 ut
659 456 764 517 turres
794 453 829 517 in
857 453 962 518 medio
990 455 1149 539 excitatae

103 540 250 624 sprocul
274 539 333 602 teli
353 541 440 603 iactu
463 541 621 604 abessent.
666 541 765 604 Totas
789 544 897 605 autem
920 542 1051 606 arbores
1074 565 1149 607 cum

138 628 326 712 ingentibus
362 628 460 691 ramis
496 629 532 691 in
567 628 670 692 altum
705 629 879 712 iaciebant,
915 629 1027 693 deinde
1062 632 1149 696 saxis

138 716 319 780 onerabant
344 737 517 798 rursusque
544 717 671 781 cumulo
701 738 812 781 eorum
842 718 922 781 alias
946 718 1076 782 arbores
1099 719 1148 782 in-

136 804 290 886 iciebant,
322 807 392 867 tum
422 803 540 868 humus
572 805 803 888 aggerabatur:
840 826 936 889 super
968 826 1049 888 quae
1083 807 1149 871 alia

138 895 225 955 strue
261 912 410 955 saxorum
446 893 660 976 arborumque
694 894 857 957 cumulata
887 893 976 957 velut
1008 893 1148 977 quodam

136 1001 221 1042 nexu
249 980 418 1044 continens
443 1002 525 1063 opus
547 981 727 1044 iunxerant.
775 979 843 1044 Nec
867 980 969 1065 Tyrii,
992 981 1148 1064 quidquid

137 1067 178 1131 ad
209 1068 434 1152 inpediendam
469 1069 588 1132 molem
622 1069 797 1152 excogItari
828 1072 970 1153 poterat,
1006 1070 1149 1153 segniter

85 1177 118 1225 10
137 1157 383 1238 exequebantur.
427 1155 638 1239 Praecipuum
665 1157 818 1220 auxilium
841 1160 926 1238 erat,
958 1157 1013 1240 qui
1034 1159 1148 1240 procul

135 1244 279 1308 hostium
307 1247 482 1327 conspectu
512 1245 665 1308 subibant
693 1266 810 1327 aquam
838 1245 1026 1328 occultoque
1052 1246 1148 1328 lapsu

136 1333 178 1395 ad
198 1334 316 1396 molem
334 1353 435 1415 usque
453 1333 675 1415 penetrabant,
697 1333 833 1396 falcibus
852 1334 977 1415 palmas
996 1333 1148 1397 arborum

136 1421 346 1483 eminentium
373 1419 414 1482 ad
442 1440 476 1482 se
502 1420 684 1500 trahentes,
713 1441 795 1503 quae
816 1420 873 1484 ubi
896 1425 1023 1485 secutae
1046 1425 1149 1505 erant,

136 1508 288 1591 pleraque
320 1528 428 1570 secum
458 1507 494 1569 in
524 1507 720 1589 profundum
752 1508 888 1572 dabant:
924 1513 995 1573 tum
1021 1509 1147 1573 levatos

137 1616 233 1658 onere
260 1595 386 1678 stipites
412 1597 607 1677 truncosque
636 1595 788 1660 arborum
809 1596 896 1660 haud
918 1617 1013 1681 aegre
1036 1597 1147 1661 molie-

137 1683 269 1747 bantur:
306 1681 420 1746 deinde
455 1686 562 1747 totum
594 1705 688 1766 opus,
727 1684 813 1767 quod
845 1685 1008 1768 stipitibus
1039 1684 1148 1749 fuerat

136 1771 295 1854 innixum,
317 1770 527 1834 fundamento
551 1771 641 1854 lapso
665 1772 866 1854 sequebatur.

86 1881 116 1928 11
224 1860 333 1943 Aegro
356 1860 456 1922 animi
478 1859 660 1924 Alexandro
682 1880 757 1940 nec,
786 1863 1005 1942 perseveraret
1026 1881 1069 1924 an
1091 1860 1148 1924 ab·

44 1994 45 1997 ¹
136 1949 210 2030 iret,
234 1949 313 2011 satis
337 1950 423 2010 certo
454 1947 565 2011 classis
588 1945 696 2030 Cypro
719 1947 848 2011 advenit
871 1949 1044 2031 eodemque
1066 1951 1148 2011 tem·

136 2056 214 2118 pore
237 2033 393 2099 Cleander
421 2056 493 2098 cum
515 2033 644 2098 Graecis
671 2035 828 2099 militibus
850 2035 1021 2100 inAsiam
1043 2057 1150 2118 nuper

138 2122 288 2186 advectis.
342 2140 363 2187 c
395 2126 428 2186 et
457 2139 502 2188 xc
538 2123 669 2207 navigia
704 2123 739 2186 in
771 2124 833 2188 duo
866 2123 980 2188 dividit
1011 2144 1148 2188 cornua:

131 2212 264 2286 ,laevum
286 2210 504 2294 Pnytagoras,
526 2233 583 2275 rex
605 2209 805 2295 Cypriorum,
827 2233 900 2275 cum
924 2210 1055 2276 Cratero
1077 2214 1148 2275 tue-

138 2299 242 2382 batur,
264 2298 483 2363 Alexandrum
505 2300 541 2362 in
559 2299 670 2363 dextro
689 2300 927 2383 quinqueremis
945 2300 1035 2384 regia
1051 2299 1149 2363 vehe-

86 2411 119 2459 12
138 2388 203 2451 bat.
251 2385 320 2451 Nec
349 2387 450 2471 Tyrii,
482 2408 675 2470 quamquam
704 2389 839 2451 classem
868 2387 1045 2469 habebant,
1077 2389 1149 2452 ausi

138 2476 252 2540 navale
274 2476 355 2539 inire
379 2480 558 2540 certamen:
590 2476 649 2539 tris
672 2477 805 2540 omnino
828 2479 904 2540 ante
926 2477 999 2559 ipsa
1020 2477 1150 2541 moenia

138 2568 371 2649 opposuerunt,
394 2565 509 2648 quibus
532 2586 588 2628 rex
609 2565 756 2628 invectus
779 2564 842 2627 icta
863 2563 935 2646 ipso
959 2563 1118 2628 demersit

86 2677 118 2725 13
225 2652 360 2718 Postera
393 2651 444 2716 die
479 2654 579 2717 classe
612 2651 652 2715 ad
683 2652 812 2715 moenia
844 2652 974 2716 admota
1004 2650 1148 2733 undique
1161 2653 1203 2718 14

136 2742 308 2805 tormentis
331 2744 364 2803 et
383 2742 521 2805 maxime
540 2741 676 2804 arietum
689 2739 785 2822 pulsu
799 2761 908 2804 muros
922 2738 1041 2822 quatit:
1065 2760 1147 2821 quos

137 2827 227 2911 Tyrii
257 2829 377 2910 raptim
408 2829 583 2893 obstructis
615 2826 700 2892 saxis
732 2827 926 2916 refecerunt,
959 2826 1148 2890 interiorem

137 2937 264 2998 quoque
287 2938 427 2999 murum,
449 2921 499 3001 ut,
522 2917 550 2979 si
572 2916 660 2999 prior
681 2915 861 2999 fefellisset,
883 2917 939 2980 illo
963 2936 996 2978 se
1019 2917 1147 2978 tueren-

86 3029 119 3079 14
137 3008 203 3085 tur,
234 3003 374 3086 undique
407 3006 481 3068 orsi.
531 3002 593 3067 Sed
619 3003 759 3088 undique
786 3005 835 3069 vis
864 3004 943 3068 mali
971 3001 1148 3087 urguebat:

137 3088 238 3156 moles
265 3092 352 3155 intra
378 3093 435 3154 teli
462 3093 582 3155 iactum
610 3095 693 3175 erat,
725 3093 837 3156 classis
864 3091 992 3156 moenia
1014 3090 1148 3156 circum·

137 3182 219 3245 ibat:
232 3180 375 3244 terrestri
390 3180 484 3244 simul
495 3180 664 3263 navalique
676 3181 766 3244 clade
774 3181 1001 3245 obruebantur.
1020 3176 1147 3262 Quippe

136 3270 230 3333 binas
257 3268 474 3351 quadriremes
501 3267 693 3332 Macedones
719 3270 805 3333 inter
832 3291 866 3333 se
892 3269 941 3332 ita
966 3269 1148 3351 iunxerant,

136 3361 174 3421 ut
195 3378 311 3442 prorae
333 3357 548 3440 cohaererent,
569 3378 694 3440 puppes
716 3358 896 3440 intervallo,
919 3358 1075 3440 quantum
1094 3375 1147 3419 ca-

86 3469 118 3518 15
136 3467 211 3531 pere
243 3449 407 3530 poterant,
443 3446 614 3509 distarent:
650 3444 712 3509 hoc
741 3446 904 3528 puppium
938 3443 1148 3508 intervallum

137 3535 297 3600 antemnis
324 3534 547 3618 asseribusque
578 3532 693 3598 validis
723 3533 871 3618 deligatis
901 3551 1059 3616 superque
1089 3552 1147 3599 eos
