2422 3892
303 163 557 221 HISTORIARUM
575 164 790 220 ALEXANDRI
807 163 882 234 VIII,
902 170 926 221 1.
956 210 958 212 .
1054 166 1118 230 185

111 310 215 395 pressi
246 312 334 392 eunt,
364 329 502 392 quorum
533 308 623 373 clade
649 307 750 372 totius
777 308 921 391 regionis
947 308 1041 373 finita
1068 308 1119 374 de

112 399 210 463 factio
225 403 282 463 est.
322 395 506 461 Alexander
520 417 646 480 quoque
661 393 832 480 Sogdianis
845 417 957 460 rursus
976 396 1118 461 subactis
1138 407 1154 457 a

113 485 308 551 Maracanda
320 485 447 567 repetit
483 483 535 549 Ibi
547 482 677 567 Berdes,
696 504 792 567 quem
810 483 852 548 ad
865 481 1005 566 Scythas
1024 505 1120 567 super

113 572 295 656 Bosporum
327 572 470 637 colentes
501 570 648 655 miserat,
680 592 753 636 cum
784 571 902 655 legatis
935 570 1041 656 gentis
1071 593 1120 636 oc

114 661 227 727 currit:
257 659 518 743 Phrataphernes
549 679 689 743 quoque,
721 659 776 744 qui
804 656 1004 724 Chorasmiis
1031 672 1156 742 praes

114 753 194 830 erat,
213 747 408 834 Massagetis
427 752 461 812 et
478 746 580 812 Dahis
598 747 770 831 regionum
787 747 926 812 confinio
945 746 1122 832 adiunctus,

114 837 256 920 miserat,
280 837 335 920 qui
351 835 514 900 facturum
532 835 690 919 imperata
707 834 945 917 pollicerentur.
967 830 1120 918 -Scythas
1140 849 1156 898 a

113 925 276 1010 petebant,
299 927 336 988 ut
356 923 444 1007 regis
464 923 514 988 sui
532 923 635 987 filiam
652 923 858 988 matrimonio
878 923 941 988 sibi
960 923 1121 1008 iungeret:

114 1013 143 1078 si
163 1011 392 1094 dedignaretur
409 1011 618 1089 adfinitatem,
640 1011 800 1094 principes
818 1009 1031 1075 Macedonum
1049 1032 1122 1076 cum

114 1099 310 1183 primoribus
334 1119 410 1163 suae
429 1099 535 1182 gentis
554 1099 690 1165 conubio
710 1099 795 1163 coire
813 1101 992 1182 pateretur:
1015 1100 1122 1182 ipsum

115 1207 242 1270 quoque
264 1205 374 1268 regem
397 1189 566 1250 venturum
589 1186 630 1251 ad
649 1207 722 1251 eum
740 1185 987 1269 pollicebantur.
1027 1185 1122 1251 Utra-
1143 1200 1176 1249 10

116 1295 178 1357 que
198 1272 362 1356 legatione
385 1272 524 1357 benigne
547 1274 657 1338 audita
674 1272 949 1357 Hephaestionem
972 1276 1004 1337 et
1026 1272 1122 1338 Arta-

115 1361 232 1425 bazum
259 1360 427 1444 opperiens
456 1360 576 1426 stativa
601 1361 731 1426 habuit:
758 1361 875 1445 quibus
902 1360 1061 1425 adiunctis
1088 1362 1124 1424 in

115 1449 294 1533 regionem,
316 1469 398 1532 quae
421 1448 603 1533 appellatur
624 1447 773 1533 Bazaira,
795 1448 951 1533 pervenit.

83 1556 105 1620 2
202 1535 367 1601 Barbarae
391 1536 576 1621 opulentiae
598 1537 633 1600 in
656 1537 723 1601 illie
746 1536 828 1600 loeis
850 1535 936 1601 haud
958 1536 1026 1600 ulla
1049 1540 1175 1601 111111

116 1624 240 1689 maiora
268 1623 401 1708 indicia,
431 1645 528 1708 quam
554 1624 682 1708 magnis
711 1624 897 1689 nemoribus
922 1624 1123 1708 saltibusque

116 1711 274 1775 nobilium
288 1711 429 1775 ferarum
443 1730 559 1795 greges
573 1711 662 1775 clusi.
686 1709 853 1795 Spatiosas
868 1710 984 1777 adhoc
998 1711 1124 1794 eligunt
1144 1725 1177 1774 11

117 1799 229 1878 silvas,
256 1798 377 1864 crebris
399 1798 588 1883 perenuium
611 1820 766 1883 aquarum
788 1799 934 1864 fontibus
958 1819 1123 1862 amoenas:

116 1887 216 1950 muris
243 1908 376 1952 nemora
402 1886 576 1971 cinguntur
602 1889 771 1971 turresque
793 1886 915 1954 habent
936 1886 1124 1951 venantium

116 1974 325 2056 receptacula.
381 1973 541 2051 Quattuor
576 1974 736 2038 continuis
774 1974 935 2039 aetatibus
966 1974 1123 2039 intactum
1144 1988 1177 2037 11

117 2060 237 2125 saltum
263 2062 365 2127 fuisse
392 2062 576 2145 constabat,
609 2084 705 2146 quem
731 2062 917 2127 Alexander
948 2083 1022 2127 cum
1052 2065 1124 2126 toto

118 2149 261 2213 exercitu
282 2150 447 2233 ingressus
471 2151 592 2234 agitari
614 2150 755 2235 undique
776 2150 862 2215 ferae
885 2150 990 2216 iussit.
1034 2149 1177 2215 1111114

118 2258 198 2320 quas
218 2257 290 2301 cum
307 2235 359 2302 leo
379 2237 609 2322 magnitudinis
632 2260 725 2303 rarae
743 2239 851 2322 ipsum
868 2258 979 2322 regem
997 2237 1124 2302 invasu-

116 2345 171 2388 rus
195 2324 381 2408 incurreret,
403 2324 487 2390 forte
508 2324 729 2410 Lysimachus,
752 2326 808 2410 qui
829 2328 944 2409 postea
965 2325 1125 2408 regnavit,

116 2413 284 2494 proximus
297 2410 491 2496 Alexandro,
509 2414 704 2478 venabulum
723 2412 850 2476 obicere
863 2411 952 2476 ferae
966 2414 1124 2494 coeperat.

117 2498 188 2576 Quo
215 2522 272 2566 rex
299 2502 429 2584 repulso
458 2504 491 2565 et
518 2501 606 2565 abire
633 2502 722 2564 iusso
749 2498 867 2562 adiecit
889 2502 958 2562 tam
981 2519 1000 2561 a
1023 2501 1126 2562 semet

115 2584 1179 2757 111111111111111111111111

1011 2721 1020 2754 l

118 2760 209 2825 derat
236 2760 365 2844 quidem
395 2761 531 2825 eximiae
542 2723 788 2845 'magnitudinis
810 2759 914 2824 feram
937 2760 1039 2844 solus,
1071 2760 1126 2825 sed

117 2847 210 2913 laevo
228 2846 363 2911 humero
383 2869 483 2933 usque
502 2848 543 2912 ad
561 2869 637 2913 ossa
653 2848 794 2913 lacerato
814 2848 855 2912 ad
873 2847 1024 2912 ultimum
1043 2849 1126 2932 1111-

117 2936 182 3001 1111
204 2940 403 3019 1111111111
447 2935 486 3000 Id
512 2936 619 3020 ipsum
646 2936 843 3020 exprobrans
867 2937 897 3001 ei
919 2958 976 3000 rex
998 2936 1178 3020 fortius,1e

116 3045 213 3108 quam
236 3025 363 3088 locutus
382 3027 440 3107 est,
462 3023 553 3089 fecit:
576 3045 652 3088 nam
669 3024 773 3088 feram
791 3046 856 3090 non
875 3025 1002 3107 excepit
1018 3024 1124 3107 modo,

117 3112 172 3176 sed
187 3113 286 3176 etiam
301 3132 364 3176 uno
379 3112 511 3176 vulnere
525 3112 649 3177 occidit.
681 3112 847 3195 Fabulam,
866 3132 947 3196 quas
962 3111 1124 3175 obiectum
1145 3124 1177 3174 11

115 3199 202 3264 leoni
222 3222 241 3264 a
259 3219 337 3283 rege
355 3198 583 3284 Lysimachum
600 3204 720 3264 temere
738 3201 894 3285 vulgavit,
918 3199 958 3264 ab
983 3220 1020 3264 eo
1041 3221 1126 3283 casu,
1149 3219 1151 3224 ·

117 3308 213 3371 quem
232 3310 329 3371 supra
349 3287 497 3371 diximus,
520 3291 625 3352 ortam
645 3309 715 3353 esse
734 3286 932 3352 crediderim.
975 3285 1125 3351 Ceterum
1145 3299 1178 3349 18

115 3372 316 3459 Macedones,
339 3398 534 3460 quamquam
557 3398 712 3460 prospero
737 3379 852 3441 eventu
870 3375 1038 3440 defunctus
1058 3378 1129 3439 erat

115 3462 314 3545 Alexander,
342 3468 453 3527 tamen
481 3463 602 3529 scivere
629 3463 736 3550 gentis
764 3485 844 3528 suae
866 3484 982 3543 more,
1005 3482 1056 3521 ue
1080 3464 1148 3546 aut

106 3549 212 3630 pedes
232 3553 401 3617 venaretur
420 3555 478 3619 aut
498 3552 569 3620 sine
589 3552 728 3622 delectis
741 3552 944 3639 principum
959 3550 1069 3622 atque
1084 3553 1173 3595 amu·
