2422 3892
218 153 474 210 HISTORIARUM
493 153 707 208 ALEXANDRI
725 153 817 223 VIIII,
835 161 860 210 8.
880 160 906 210 9.
1000 153 1065 218 251

54 297 158 363 lutem
181 299 368 382 permittere
390 299 532 382 conpulit.
577 296 786 383 Navigabant
811 319 889 383 ergo
912 299 1101 383 omniumr

55 408 114 470 per
142 408 224 470 quae
251 387 451 471 ferebantur,
483 386 599 471 ignari.
644 385 808 463 Quantum
835 387 911 452 inde
939 386 1067 451 abesset

59 495 163 558 mare,
196 496 277 561 quae
309 478 421 558 gentes
454 475 608 557 colerent,
642 497 739 560 quam
770 475 934 559 placidum
961 475 1065 539 amnis

56 584 106 646 os,
131 584 228 646 quam
255 564 383 646 patiens
402 563 584 648 longarum
607 563 739 627 navium
767 566 866 647 esset,
894 584 1010 646 anceps
1035 566 1067 627 et

55 671 151 715 caeca
173 651 358 716 aestimatio
386 652 622 736 augurabatur:
649 673 749 716 unum
776 654 848 717 erat
870 651 1065 716 temeritatis
1084 660 1100 708 3

56 739 214 804 solacium
241 743 397 823 perpetua
424 740 572 805 felicitas.
609 738 680 804 Iam
703 756 788 806 cccc
811 740 917 805 stadia
939 760 1067 823 proces·

55 831 172 912 serant,
191 848 262 892 cum
278 828 511 913 gubernatores
529 828 723 911 adgnoscere
737 828 824 912 ipsos
840 849 952 893 auram
966 828 1066 893 maris

56 919 89 979 et
115 916 203 980 haud
229 917 342 1001 procul
370 916 471 981 videri
498 916 562 980 sibi
590 914 753 982 Oceanum
780 916 893 982 abesse
920 916 1066 981 indicant

54 1004 134 1088 regi.
183 1003 303 1068 Laetus
343 1005 400 1069 ille
436 1004 562 1070 hortari
602 1004 750 1069 nauticos
790 1004 909 1088 coepit,
946 1006 1102 1070 ineam-4

54 1090 170 1155 beraut
191 1092 301 1156 remis:
330 1093 441 1157 adesse
467 1093 564 1157 finem
587 1092 708 1157 laboris
732 1093 882 1158 omnibus
904 1094 991 1158 votis
1015 1114 1066 1157 ex-

55 1179 207 1262 petitum:
228 1180 294 1244 iam
312 1180 395 1244 nihil
415 1181 538 1265 gloriae
557 1180 675 1265 deesse,
693 1181 777 1245 nihil
796 1181 925 1245 obstare
943 1181 1067 1264 1111111,

56 1267 126 1331 sine
143 1267 212 1332 ullo
230 1266 347 1332 Martis
366 1268 560 1352 discrimine,
578 1270 648 1333 sine
664 1269 823 1353 sanguine
837 1269 947 1335 orbem
960 1271 1067 1333 terrae

56 1356 98 1420 ab
125 1356 192 1420 illis
221 1357 307 1440 capi:
336 1377 376 1420 ne
401 1361 550 1434 naturam
573 1357 702 1441 quidem
724 1357 854 1441 longius
876 1378 972 1440 posse
995 1377 1067 1440 pro·

56 1443 178 1528 cedere,
201 1445 292 1509 brevi
314 1445 481 1529 incognita
501 1446 566 1510 nisi
584 1445 825 1510 immortalibus
844 1467 913 1510 esse
931 1445 1067 1510 visuros.

55 1530 180 1597 Paucos
208 1536 319 1597 tamen
344 1534 476 1618 navigio
504 1533 613 1598 emisit
633 1535 668 1598 in
691 1534 812 1617 ripam,
841 1534 898 1619 qui
921 1537 1067 1618 agrestes
1086 1539 1103 1588 5

56 1640 156 1704 vagos
180 1621 373 1703 exciperent,
397 1621 551 1703 equibus
575 1622 715 1688 certiora
736 1622 829 1687 nosci
846 1643 942 1704 posse
961 1643 1068 1705 spera·

55 1706 123 1772 bat.
167 1706 223 1771 Illi
245 1709 380 1772 scrutati
403 1707 513 1772 omnia
535 1709 667 1791 tuguria
689 1708 821 1773 tandem
839 1709 981 1773 latentes
999 1730 1068 1792 rep·

55 1817 176 1878 perere.
221 1794 285 1872 Qui
312 1796 519 1878 interrogati,
548 1805 646 1878 quam'
672 1796 786 1879 procul
812 1795 941 1860 abesset
968 1805 1102 1879 111116

55 1883 290 1966 responderunt
324 1883 450 1946 nullum
485 1882 574 1965 ipsos
611 1904 700 1946 mare
736 1903 777 1946 ne
813 1882 902 1947 fama
939 1882 1068 1967 quidem
1119 1930 1126 1938 -

56 1971 226 2055 accepisse,
248 1973 390 2035 ceterum
411 1970 509 2035 tertio
528 1970 579 2034 die
596 1970 758 2053 perveniri
775 1983 871 2053 posse
890 1971 931 2035 ad
950 1992 1068 2056 aquam

57 2081 214 2143 amaram,
247 2080 329 2142 quae
356 2061 577 2142 corrumperet
604 2058 738 2124 dulcem.
784 2058 989 2124 Intellectum
1018 2062 1069 2124 est

56 2169 145 2211 mare
164 2147 321 2212 destinari
339 2148 379 2212 ab
398 2147 521 2232 ignaris
539 2150 673 2212 naturae
692 2148 769 2212 eius.
806 2145 923 2233 Itaque
940 2147 1068 2232 ingenti
1086 2157 1102 2206 7

57 2237 225 2300 alacritate
238 2235 361 2300 nautici
374 2235 536 2320 remigant
548 2238 582 2300 et
595 2235 742 2318 proximo
758 2237 913 2321 [quoque]
929 2235 990 2320 die,
1004 2256 1067 2319 quo

55 2324 189 2407 propius
214 2345 287 2407 spes
308 2323 547 2408 admovebatur,
570 2324 735 2388 crescebat
758 2322 853 2387 ardor
877 2324 1067 2387 animorum.

56 2412 168 2477 Tertio
200 2413 265 2477 iam
297 2412 348 2476 die
380 2413 517 2477 mixtum
548 2411 675 2475 flumini
706 2410 838 2474 subibat
868 2433 970 2494 mare,
1002 2408 1068 2473 leni

56 2501 161 2566 adhuc
183 2505 276 2566 aestu
301 2500 516 2566 confundente
538 2499 683 2582 dispares
706 2498 817 2563 undas.
862 2497 946 2562 Tum
969 2498 1103 2562 1111118

56 2590 197 2654 insulam
224 2589 329 2653 medio
358 2589 446 2652 amni
471 2588 570 2652 sitam
593 2586 696 2652 evecti
718 2586 816 2669 paulo
840 2586 969 2670 lentius,
993 2587 1069 2671 quia

57 2698 168 2742 cursus
197 2681 286 2741 aestu
315 2675 596 2758 reverberabatur,
624 2673 788 2757 adplicant
811 2674 949 2739 classem
972 2674 1069 2739 etad

57 2766 256 2829 commeatus
279 2763 436 2846 petendos
459 2763 650 2846 discurrunt,
673 2762 778 2827 securi
796 2784 890 2828 casus
911 2763 989 2847 eius,
1012 2763 1068 2846 qui

10 2851 242 2936 tbsupervenit
263 2851 396 2936 ignaris.
433 2850 543 2915 Tertia
564 2851 667 2916 ferme
687 2849 769 2916 hora
788 2854 867 2936 erat,
890 2872 962 2916 cum
980 2855 1103 2916 111119

56 2942 126 3006 rice
145 2939 292 3006 Oceanus
317 2942 509 3004 exaestuans
531 2939 641 3004 invehi
664 2941 772 3022 coepit
793 2943 826 3003 et
842 2944 930 3005 retro
948 2939 1069 3004 flumen

56 3050 185 3114 urgere:
223 3028 307 3113 quod
339 3027 446 3111 primo
478 3028 666 3112 coercitum,
699 3027 813 3092 deinde
845 3026 1068 3092 vehementius

57 3119 186 3202 pulsum
208 3117 331 3182 maiore
353 3117 477 3199 impetu
500 3116 670 3180 adversum
694 3116 865 3201 agebatur,
888 3137 986 3199 quam
1004 3117 1069 3178 tor·

57 3207 162 3270 rentia
189 3205 359 3289 praecipiti
386 3205 477 3269 alveo
505 3205 682 3269 incurrunt.
726 3204 847 3288 Ignota
869 3203 968 3288 vulgo
991 3201 1069 3267 freti
1089 3214 1122 3263 10

57 3299 176 3358 natura
204 3296 275 3358 erat
302 3297 510 3377 monstraque
533 3296 566 3356 et
588 3293 655 3356 irae
680 3292 775 3357 deum
797 3291 917 3357 indicia
939 3312 1068 3357 cernere

58 3382 257 3447 videbantur.
301 3380 481 3446 Identidem
508 3381 725 3445 intumescens
752 3402 842 3445 mare
870 3384 903 3444 et
929 3380 963 3444 in
986 3402 1070 3445 cam·

55 3492 117 3554 pos
138 3470 237 3555 paulo
261 3469 915 3555 1111111111(111111111111111111111,
937 3468 1145 3540 1111111.χλ

46 3558 165 3622 leuatis
191 3560 338 3647 navigiis
366 3564 401 3628 et
429 3563 506 3630 teta
536 3562 650 3631 classe
677 3561 854 3648 dispersa,
877 3553 944 3639 epia
966 3542 1125 3626 11111111·
