2422 3892
279 164 533 221 HISTORIARUM
549 165 765 222 ALEXANDRI
783 166 831 234 VI,
852 173 892 222 11.
1037 167 1100 230 141

93 308 243 393 gentibus
262 309 385 393 deinde,
403 311 441 373 ut
454 309 598 373 ordinem
618 307 755 391 cogitati
774 307 904 373 sceleris
919 314 1102 394 exponeret,

96 419 170 462 cum
193 396 248 461 diu
269 396 390 462 Bactra
411 399 518 461 retent
503 400 577 461 tura
599 416 708 482 regem
730 396 875 461 viderent
860 400 927 479 t,ur
953 398 1101 462 timuisse

92 484 275 569 respondit,
300 507 340 549 ne
363 488 457 568 pater
477 501 551 549 Lxx
573 487 670 548 natus
694 505 808 564 annos,
836 485 920 549 tanti
943 486 1101 550 exercitus

93 572 157 636 dux
167 574 319 674 [tantus],
332 576 442 637 tantae
456 572 611 673 pecuniae
624 576 743 656 custos,
756 535 888 637 interim
902 574 1102 660 extinguere-

92 661 174 725 tur
165 660 291 745 rpsique
309 661 450 744 spoliato
465 661 547 724 tant'
537 682 566 724 rs
523 659 701 725 tviribus
721 661 885 725 occidendi
904 662 990 763 regis
1005 683 1102 728 eausa

92 770 158 813 non
177 752 270 813 esset.
248 747 486 813 tFestinasse
505 768 581 832 ergo
601 769 645 831 se,
663 747 739 812 dum
756 749 935 850 praemium
948 750 983 814 in
1001 750 1101 814 mani·

92 837 153 900 bus
171 836 316 920 haberet,
332 839 573 920 repraesentare
592 835 777 901 consilium:
801 837 891 902 cuius
909 840 1036 921 patrem
1051 859 1099 914 ep·
1120 849 1154 897 33

88 928 205 1007 perterre
222 925 322 989 fuisse
340 925 405 989 nisi
428 923 602 1007 crederent,
623 927 794 1007 tormenta,
818 947 1014 1010 quamquam
1035 927 1100 990 iam

92 1012 232 1077 tolerare
263 1033 329 1077 non
360 1015 484 1095 posset,
515 1015 625 1076 tamen
650 1032 716 1076 non
742 1032 899 1078 recusare.
947 1014 1001 1079 Illi
1028 1035 1101 1078 con·
1120 1024 1155 1073 34

93 1100 195 1164 locuti
226 1101 306 1164 satis
337 1099 520 1183 quaesitum
551 1099 655 1162 videri
682 1099 722 1163 ad
750 1119 862 1182 regem
888 1105 1102 1167 revertuntur.

39 1186 156 1262 eloai
178 1191 308 1270 postero
332 1186 383 1250 die
406 1190 452 1270 et,
480 1207 562 1271 quae
584 1185 749 1252 confessus
773 1190 844 1252 erat
865 1187 1027 1273 Philotas,
1053 1210 1101 1253 re-

94 1274 188 1339 citari
216 1277 250 1338 et
276 1274 395 1358 ipsum,
423 1274 499 1357 quia
526 1273 652 1358 ingredi
678 1295 744 1338 non
765 1278 907 1358 poterat,
930 1277 1026 1341 iussit
1048 1277 1101 1340 ad-

92 1362 179 1428 ferri.
225 1360 343 1429 Omnia
365 1362 580 1446 adgnoscente
604 1383 641 1427 30
664 1360 862 1440 Demetrius,
886 1363 941 1447 qui
963 1364 1100 1448 proximi
1120 1373 1156 1424 33

93 1450 224 1515 sceleris
247 1450 410 1533 particeps
434 1471 505 1514 esse
526 1448 734 1535 arguebatur,
755 1450 952 1533 producitur.
997 1450 1102 1517 Multa

92 1537 319 1603 adfirmatione
356 1538 518 1620 animique
554 1537 676 1620 pariter
711 1539 896 1603 constantia
927 1541 961 1603 et
992 1541 1101 1605 vultus

94 1626 248 1708 abnuens,
271 1626 444 1712 quicquam
466 1625 530 1689 sibi
552 1626 588 1688 in
606 1645 717 1709 regem
736 1627 916 1709 cogitatum
935 1649 1014 1710 esse,
1036 1633 1102 1692 tor·

93 1716 203 1777 menta
224 1713 322 1776 etiam
341 1712 535 1794 deposcebat
553 1712 588 1775 in
606 1713 830 1795 semetipsum:
853 1735 925 1778 oum
943 1714 1100 1796 Philotas,
1120 1727 1154 1777 33
1189 1786 1197 1799 .

45 1803 49 1811 '
93 1800 291 1865 circumlatis
314 1798 416 1863 oculis
439 1801 477 1863 ut
498 1798 639 1862 incidere
660 1799 696 1862 in
714 1797 809 1864 Calin
833 1802 992 1883 quendam
1015 1802 1101 1866 haud

56 1884 59 1891 ’
93 1888 207 1971 procul
226 1890 375 1971 stantem,
397 1886 529 1970 propius
548 1907 621 1950 eum
639 1886 736 1951 iussit
753 1888 913 1953 accedere.
948 1889 1011 1954 Illo
1030 1911 1101 1972 per-

92 1976 224 2040 turbato
243 1978 277 2040 et
293 1978 463 2040 recusante
481 1974 619 2039 transim
637 1974 678 2038 ad
696 1996 779 2059 eum,
797 1974 970 2059 ‘Patieris',
987 1977 1101 2062 inquit,

94 2062 306 2128 ‘Demetrium
329 2063 459 2129 mentiri
482 2083 655 2146 rursusque
678 2083 729 2127 me
753 2064 964 2130 excruciaril'
1005 2064 1154 2131 calinas

93 2173 156 2216 vox
174 2151 369 2254 sanguisque
388 2150 572 2216 defecerant
557 2153 628 2215 tet
645 2149 837 2218 Macedones
859 2152 1050 2218 Philotan
1036 2174 1102 2219 rum

92 2240 262 2324 inquinare
293 2238 441 2304 innoxios
474 2240 555 2304 velle
588 2239 849 2324 suspicabantur,
883 2242 960 2326 quia
991 2263 1050 2307 nec
1083 2264 1102 2305 a

92 2326 292 2394 Nicomacho
306 2349 365 2393 nec
381 2327 446 2393 ab
436 2348 509 2412 rpso
522 2326 664 2428 Philota,
681 2348 756 2392 curn
769 2331 984 2413 torqueretur,
1001 2329 1102 2392 nomi·

92 2420 188 2482 natus
207 2419 294 2482 esset
311 2416 513 2482 adulescens:
532 2415 587 2516 qui
605 2418 643 2479 ut
660 2415 842 2497 praefectos
860 2417 948 2500 regis
968 2416 1101 2480 circum·

93 2507 217 2570 stantes
236 2526 271 2570 se
289 2504 381 2587 uidit,
402 2502 548 2568 Demet
506 2505 606 2567 trrum
634 2505 667 2566 et
689 2503 897 2586 semetipsum
920 2503 953 2567 id
976 2503 1100 2568 facinus

92 2594 254 2676 cogitasse
285 2554 451 2658 confdssus
481 2593 539 2656 est
593 2588 712 2654 Omnes
745 2611 822 2674 ergo
855 2613 874 2654 a
900 2588 1100 2655 Nicomacho
1119 2604 1155 2653 33

92 2680 252 2744 nominati
280 2700 370 2744 more
396 2679 502 2762 patrio
530 2676 606 2741 dato
634 2675 732 2761 signe
760 2678 845 2741 saxis
877 2677 986 2742 obruti
960 2681 1100 2742 t.sunt

93 2764 213 2850 Magno
227 2786 294 2831 non
311 2766 436 2848 salutis,
455 2765 512 2830 sed
526 2765 622 2828 etiam
635 2762 775 2829 invidiae
786 2765 928 2849 periculo
944 2765 1099 2919 11101333ὧο3
1119 2780 1155 2829 33

93 2856 165 2918 erat
181 2852 378 2919 Alexander.
423 2815 549 2935 Quippe
571 2851 742 2917 Parmenio
770 2856 804 2917 et
825 2853 972 2919 Philotas
936 2875 1034 2938 asp,

92 2941 179 3025 cipes
203 2941 392 3021 amicorum,
414 2940 478 3006 nisi
500 2940 610 3025 palam
634 2944 758 3025 sontes,
784 2941 853 3007 sine
876 2877 1099 3027 indignatione
1118 2957 1154 3005 40

91 3030 194 3096 totius
217 3030 374 3095 exercitus
397 3051 462 3094 non
484 3027 668 3112 potuissent
689 3028 848 3095 damnari:
875 3030 999 3115 itaque,
1025 3032 1100 3096 dum

93 3139 211 3202 anceps
237 3119 382 3202 quaestio
409 3117 485 3202 fuit,
510 3117 587 3182 dum
610 3116 768 3183 infitiatus
792 3121 843 3183 est
864 3118 1003 3204 facinus,
1031 3141 1100 3185 cru·

92 3206 207 3272 deliter
221 3208 366 3291 torqueri
379 3205 556 3288 videbatur,
574 3207 651 3288 post
668 3206 903 3272 confessionem
918 3209 983 3274 iam
995 3228 1098 3290 neque

92 3295 270 3360 amicorum
287 3295 437 3361 Philotas
455 3293 708 3359 misericordiam
730 3296 856 3359 meruit.
