2422 3892
124 154 187 217 126
499 153 530 218 Q.
550 152 661 209 CURTI
678 153 764 208 RUFI

123 302 228 363 tortos
247 319 357 363 rursus
379 297 527 362 inserunt
545 301 663 362 terrae:
685 297 760 362 inde
778 298 867 362 velut
886 319 925 362 ex
943 297 1009 363 alia
1026 298 1139 364 radice

71 399 103 448 ιι
123 387 275 452 laetiores
297 387 404 450 virent
426 386 541 450 trunci.
587 385 670 468 Hos,
699 407 763 470 qua
785 389 904 450 natura
925 385 1004 470 fert,
1027 386 1139 453 adole·

122 497 211 541 scere
232 496 299 540 non
326 474 451 556 sinunt,
479 474 599 558 quippe
623 474 722 538 alium
750 473 806 575 alii
831 474 924 558 quasi
949 495 1035 538 nexu
1063 496 1138 541 con·

122 567 246 628 serunt:
279 562 333 645 qui
365 561 421 626 ubi
453 561 555 626 multa
581 561 696 627 fronde
723 563 833 627 restiti
822 565 950 645 1,sunt
981 563 1138 647 operiunt

120 656 252 716 terram.
296 650 411 733 Itaque
439 650 557 715 occulti
583 672 747 715 ramorum
775 651 865 715 velut
891 650 999 734 laquei
1022 671 1138 736 perpe·

72 755 102 802 16
121 744 179 804 tua
203 760 299 822 saepe
312 738 375 802 iter
389 733 530 803 cludunt.
566 736 639 803 Una
652 739 738 804 ratio
753 742 822 803 erat
807 738 995 803 tcaedendo
1010 741 1139 822 aperire

122 828 186 891 salt
172 832 256 909 t,urn
285 826 341 890 sed
368 826 430 892 hoc
459 848 584 911 quoque
612 827 722 911 magni
746 827 862 911 operis.
908 825 1020 892 Crebri
1043 849 1138 892 nam·

122 935 182 998 que
200 877 277 978 nodi
297 914 492 979 duraverant
511 915 640 999 stipites
659 915 719 980 et
709 937 743 979 ιιι
762 936 796 979 se
814 915 962 999 inplicat
952 937 964 979 1
981 915 1138 980 arborum

120 1002 203 1066 rami
231 1003 393 1086 suspensis
421 1003 548 1068 circulis
580 1002 701 1068 similes
733 1004 820 1068 lento
851 1003 970 1068 vimine
997 1002 1137 1069 frustra·

70 1105 101 1152 ιι
121 1092 240 1155 bantur
270 1091 362 1156 ictus.
407 1090 538 1157 Incolae
574 1095 683 1157 autem
719 1091 784 1156 ritu
811 1091 957 1156 ¹feretrum
989 1091 1136 1176 virgulta

121 1180 230 1244 subire
258 1180 346 1245 soliti
372 1184 443 1245 tum
466 1201 593 1264 quoque
620 1181 820 1246 intraverant
841 1179 962 1244 saltum
985 1180 1137 1245 occultis·

121 1290 182 1353 que
208 1268 284 1334 telis
311 1267 387 1334 host
373 1273 440 1333 tem
466 1268 679 1334 lacessebant.
730 1268 791 1332 Ille
819 1271 939 1333 venant
924 1267 1008 1332 tium
1037 1263 1184 1335 modoll

121 1357 259 1422 latibula
277 1361 439 1421 scrutatus
458 1356 628 1440 plerosque
647 1356 800 1421 confodit
836 1356 888 1420 Ad
906 1355 965 1420 ult
941 1359 1056 1420 timum
1075 1357 1136 1422 cir-

121 1445 241 1508 cumire
267 1464 323 1508 rea
350 1444 470 1508 saltum
498 1443 620 1508 milites
648 1444 751 1527 iubet,
778 1447 828 1525 ut,
856 1445 884 1508 si
912 1465 976 1528 qua
998 1447 1137 1530 pateret,

70 1536 102 1584 18
121 1532 351 1613 inrumperent.
397 1529 459 1596 Sed
491 1531 612 1614 ignotis
644 1532 723 1596 locis
742 1492 901 1616 plerique
928 1532 1136 1618 oberrabant,

121 1619 309 1703 exceptique
336 1622 413 1683 sunt
440 1619 586 1703 quidam,
617 1619 701 1684 inter
730 1642 810 1704 quos
843 1641 944 1704 equus
975 1620 1131 1705 regis—

64 1788 68 1794 ·
120 1707 342 1792 Bucephalam
365 1709 583 1772 vocabant-
609 1730 705 1793 quem
727 1708 910 1773 Alexander
932 1730 998 1773 non
1020 1709 1136 1775 eodem

121 1819 184 1880 quo
213 1801 336 1862 ceteras
365 1796 503 1880 pecudea
527 1798 634 1862 animo
657 1797 860 1862 aestimabat.
905 1795 1054 1881 Namque
1076 1798 1136 1864 ille

120 1907 181 1950 nec
204 1886 240 1949 in
263 1885 358 1950 dorso
381 1885 522 1950 insidere
545 1907 603 1951 suo
611 1888 683 2037 tpat
669 1885 771 1950 ttieba
757 1890 810 1950 tur
834 1884 935 1949 alium
958 1888 1136 1988 stragem,

122 1995 194 2038 cunr
213 1973 311 2037 vellet
330 1973 508 2055 ascendere,
531 1976 643 2056 sponte
662 1994 767 2058 genua
785 1973 978 2038 submittens
997 1975 1135 2057 excipie-

70 2072 101 2120 ιι
121 2061 179 2124 ιιι
198 2058 449 2143 credebaturque
467 2061 597 2143 sentire,
616 2082 710 2144 quem
730 2061 869 2126 veheret.
903 2061 1027 2127 Maiore
1044 2082 1135 2148 ergo,

122 2168 219 2299 quatm
242 2146 389 2230 decebat,
416 2149 466 2212 ira
493 2149 589 2212 simul
613 2170 651 2213 ac
674 2148 783 2214 dolore
807 2149 992 2215 stimulatus
1015 2171 1135 2253 equum

121 2235 277 2318 vestigari
313 2196 404 2300 iube’t
440 2238 473 2299 et
508 2258 565 2320 per
601 2237 810 2322 interpretem
845 2237 1134 2322 pronuntiari,nr

121 2323 349 2407 reddidissent,
374 2324 536 2389 neminem
564 2346 635 2390 esse
661 2326 828 2390 victurum.
872 2325 943 2390 Hac
965 2325 1134 2393 denuntia·

70 2423 105 2473 ιο
123 2413 211 2478 tione
234 2413 342 2477 ιιιιιιι
364 2434 437 2477 cum
460 2415 511 2476 cet
512 2413 575 2477 eris
598 2412 691 2478 donis
714 2435 831 2498 equum
854 2414 1024 2479 adducunt
1069 2413 1133 2480 Sed

122 2524 161 2566 ne
185 2501 231 2566 sic
253 2501 382 2585 quidem
404 2501 575 2583 mitigatus
599 2501 688 2566 caedi
707 2503 806 2567 silvas
825 2502 916 2567 iubet
901 2502 1133 2588 tadgestaque

120 2589 219 2656 humo
235 2612 252 2654 e
267 2595 359 2655 mont
345 2591 432 2655 tibus
446 2590 616 2674 planitiem
630 2590 729 2655 ramis
743 2590 920 2675 inpeditam
921 2592 1133 2743 t,exaggerari

68 2689 101 2738 ιι
120 2677 226 2744 Iam
213 2699 249 2744 cu
272 2679 418 2763 aliquant
419 2701 472 2743 um
492 2679 674 2744 altitudinis
692 2700 772 2763 opus
792 2682 945 2763 creverat,
968 2701 1040 2744 cum
1058 2680 1131 2744 bar·

122 2768 206 2848 bari,
234 2766 402 2867 desperato
430 2768 609 2852 regionem,
636 2788 734 2851 quam
761 2770 1009 2852 occupaverant,
1036 2789 1132 2852 posse

25 2890 28 2896 ·
121 2859 171 2918 ret
173 2853 253 2917 ineri
254 2858 411 2937 ,gentem
429 2876 520 2920 suam
539 2854 696 2921 dedidere.
727 2854 796 2921 Rex
811 2855 976 2920 obsidibus
991 2855 1132 2940 acceptis

121 2903 276 3005 Phradati
299 2962 411 3024 parere
435 2964 489 3007 eos
513 2943 618 3008 iussit.

68 3042 102 3089 ιι
209 3028 287 3092 Inde
311 3030 424 3180 qqinto
449 3029 528 3093 die
519 3051 553 3093 ιιι
572 3053 587 3095 s
589 3032 692 3096 tativa
711 3031 846 3096 revertit
847 3032 1132 3098 unArtabazum
1144 3028 1186 3094 18

121 3118 235 3183 deinde
267 3113 432 3202 geminato
459 3117 596 3202 honore,
628 3141 723 3203 quem
749 3118 874 3184 Dareus
886 3081 1064 3186 ‘habuerat
1094 3121 1132 3205 ei,

120 3205 259 3269 remittit
287 3205 426 3270 domum.
470 3204 540 3270 lam
570 3207 609 3271 ad
637 3209 750 3273 urbem
777 3206 976 3292 Hyrcaniae,
1006 3210 1040 3274 in
1067 3230 1132 3294 qua

120 3294 211 3378 regia
233 3292 332 3358 Darei
354 3294 430 3377 fuit,
404 3297 585 3360 trentam
604 3298 687 3361 erat:
659 3296 755 3360 tibi
772 3293 979 3362 Nabarzanes
999 3300 1132 3381 accepta

67 3384 101 3433 ιδ
120 3381 182 3446 ιιι
201 3382 341 3447 occurrit
360 3345 444 3448 donb
462 3384 607 3468 ingentia
624 3383 738 3448 ferens.
783 3382 874 3448 Inter
896 3405 978 3468 quae
1001 3385 1132 3470 Bagoas

121 3472 203 3555 erat,
227 3471 333 3555 specie
357 3471 515 3556 singulari
538 3472 638 3555 spado
662 3474 760 3554 atque
783 3470 817 3536 in
840 3472 912 3555 ipso
931 3473 1010 3539 flore
1028 3473 1133 3558 pueri-

119 3560 198 3646 tiae,
225 3559 276 3624 cui
304 3562 337 3623 et
363 3559 487 3624 Dareus
516 3559 668 3625 adsuetus
693 3558 801 3625 fuerat
829 3563 861 3624 ιι
888 3583 964 3628 mox
991 3559 1133 3627 Alexan·
