2422 3892
249 138 504 194 HISTOBAARUM
522 137 737 211 ALEXANDRI
754 138 806 208 IV,
826 145 850 193 6.
861 144 894 193 ι.
1036 137 1079 202 49

68 289 138 350 tum
161 284 349 369 peregrinos
371 282 453 347 ritus
471 304 557 347 nova
575 283 731 346 subeunte
749 281 889 347 fortuna.
921 281 984 346 Per
996 284 1079 347 talos

68 374 155 436 enim
179 372 331 456 spirantis
354 372 424 436 lora
446 371 580 434 traiecta
603 374 680 435 sunt
701 370 933 455 religatumque
953 371 993 434 ad
1011 392 1079 434 cur·

68 483 141 525 rum
163 464 288 525 traxere
312 459 396 524 circa
414 460 526 524 urbem
545 459 619 542 equi
637 459 797 544 gloriante
815 480 900 544 rege,
922 459 1081 543 Achillen,

49 570 191 701 ἰιι
193 547 856 720 {lutatiialfdutltliaimllitlule
873 568 1082 787 ιίἒιιὲξιέ
1100 655 1134 703 a

71 725 155 788 circa
176 743 201 788 x
217 724 315 807 milia,
337 746 397 788 nec
413 722 674 794 Macedonibus
665 727 833 787 lncruenta
855 722 919 787 vict
921 723 990 786 oria
1012 722 1081 786 fuit.
1172 764 1174 769 -

71 808 204 878 Obsidio
232 775 316 876 certi
343 833 411 877 non
436 815 505 875 tam
533 811 678 874 claritate
709 811 798 875 urbis
824 811 942 875 nobiht
928 796 998 874 tata
1024 814 1082 894 est,

46 906 167 984 'quam
199 901 362 985 geminato
390 899 532 984 periculo
559 899 653 983 regis.
700 896 762 974 Qui
784 898 971 983 Aegyptum
994 897 1081 977 adire

55 989 228 1070 ¹festinans
250 989 419 1071 Amyntan
446 1008 517 1051 oum
546 1004 571 1050 x
592 986 813 1051 triremibus
803 1007 839 1050 ιιι
860 970 1082 1050 Macedoniam

71 1077 111 1140 ιιι
148 1076 391 1158 inquisitionem
427 1096 583 1139 novorum
617 1074 755 1137 militum
785 1074 882 1138 misit.
934 1072 1082 1158 Namque
1101 1094 1132 1142 31

71 1165 169 1227 etiam
192 1163 340 1228 secundis
364 1166 412 1226 att
398 1162 583 1226 terebantur
605 1165 729 1225 tamen
732 1161 851 1244 copiae,
874 1160 977 1225 deviet
963 1166 1082 1225 tarum·

50 1255 133 1335 'que
157 1251 303 1335 gentium
324 1251 420 1314 militi
394 1250 546 1313 tminor
570 1271 675 1333 quam
689 1249 864 1313 domestico
887 1249 966 1312 fides
986 1249 1083 1313 habe·

59 1340 127 1404 bat
113 1343 175 1404 ι.ιιι

491 1493 568 1560 Gar.
592 1493 663 1559 VII.

19 1590 62 1654 29
159 1601 326 1686 Aegyptii,
357 1601 434 1665 olim
457 1599 627 1676 Persarum
655 1600 771 1683 opibus
793 1601 933 1684 infensi,
965 1601 1117 1686 quipper

73 1711 168 1753 avare
191 1694 224 1752 et
247 1689 412 1771 superbe
404 1688 518 1772 1mperi
518 1691 623 1752 tatum
648 1689 710 1753 sibi
733 1710 803 1753 esse
827 1651 1013 1773 credebant,
1043 1690 1084 1753 ιιι

48 1783 164 1858 'spem
203 1775 359 1840 adventus
395 1776 463 1839 eius
500 1779 667 1839 erexerant
702 1777 840 1860 animos,
880 1780 992 1876 utpote
1029 1776 1085 1858 qui

73 1863 196 1945 Amynt
197 1885 249 1927 am
273 1883 398 1946 quoque
419 1863 640 1955 transfugam.
646 1868 679 1929 et
697 1885 769 1928 cum
787 1864 929 1948 precario
948 1864 1083 1947 imperio

72 1953 254 2016 venientem
284 1950 362 2015 laeti
388 1951 592 2034 recepissent.
640 1951 775 2036 Igitur'
766 1972 882 2036 rngens
910 1952 1020 2016 multit
1020 1951 1118 2018 udor

72 2040 246 2123 Pelusium,
270 2061 333 2123 qua
348 2039 526 2104 intraturus
540 2040 716 2123 videbatur,
739 2043 940 2104 convenerat.
975 2040 1083 2140 Atque

72 2129 126 2192 ille
150 2129 287 2211 septimo
310 2127 375 2211 die,
396 2132 568 2211 postquam
591 2150 610 2191 a
633 2126 719 2191 Gaza
741 2129 849 2212 copias
872 2128 1058 2210 mouerat,
1048 2150 1084 2191 ιιι

74 2217 239 2300 regionem
266 2215 424 2300 Aegypti,
456 2237 551 2298 quam
582 2237 669 2279 nunc
696 2219 802 2280 castra
827 2215 1002 2280 Alexandri
1029 2237 1084 2280 ιο·

75 2307 159 2387 cant,
180 2305 333 2386 pervenit.
364 2302 487 2368 Deinde
509 2302 710 2386 pedestribus
734 2305 835 2388 copiis
848 2304 1011 2368 Pelusium
1029 2322 1118 2386 peu

27 2413 31 2420 ·
73 2395 142 2454 tere
169 2391 266 2456 iussis
294 2393 363 2475 ipse
395 2413 467 2454 oum
497 2391 644 2474 expedita
671 2392 865 2456 delectorum
887 2414 985 2455 manu
1007 2388 1084 2454 Nilo

74 2501 166 2543 amne
189 2483 299 2545 vectus
327 2482 385 2543 est.
429 2477 498 2543 Nec
521 2479 701 2542 sustinuere
724 2479 897 2543 adventum
919 2480 987 2542 eius
1009 2476 1084 2540 Per-

74 2590 137 2652 sae,
159 2567 336 2632 defeotione
340 2588 487 2668 ⁸quoque
509 2567 679 2649 perterriti.
713 2564 1119 2648 Iamquehaudprocu14

73 2655 219 2739 Memphi
233 2658 314 2718 erat·
337 2655 373 2717 in
387 2655 476 2718 cuius
489 2654 649 2737 praesidio
663 2651 808 2716 Mazaces
809 2655 927 2735 ,tprae
928 2674 965 2716 or
913 2651 1085 2735 tDarei,

74 2743 204 2807 relictus
223 2743 266 2806 od
278 2740 467 2806 Cercasoron
485 2762 579 2804 amne
586 2743 747 2824 snperato
762 2761 799 2804 oc
801 2702 976 2824 tingentat
961 2741 1085 2804 taalent

73 2830 259 2894 Alexandro
283 2850 472 2911 omnemque
493 2828 614 2912 regiam
634 2829 896 2911 supellectilemt
882 2828 1023 2892 tradidit.
1053 2829 1085 2892 A
1103 2847 1118 2896 o

74 2917 219 3002 Memphi
251 2915 363 2981 eodem
394 2915 524 2979 flumine
555 2919 664 2979 vectus
695 2915 737 2979 ad
762 2916 917 2980 interiora
942 2915 1085 3002 Aegypti

74 3009 223 3090 penetrat
255 3004 495 3088 conpositisque
526 3003 620 3067 rebus
647 3004 775 3087 ita,ut
737 3003 884 3068 utnihil
911 3027 950 3070 ex
978 3006 1083 3088 patrio

75 3093 214 3184 Aegypt
204 3116 309 3159 1orum
345 3099 433 3157 more
467 3093 620 3173 mutaret,
658 3091 744 3155 adire
775 3090 862 3157 Iovis
892 3092 1083 3157 Hammonis

80 3183 244 3246 oraculum
268 3181 389 3245 statuit.
427 3179 495 3244 Iter
516 3141 670 3263 expeditis
694 3201 819 3263 quoquo
842 3183 875 3244 et
896 3181 1007 3264 paucis
1030 3180 1118 3248 vixo

75 3270 242 3334 tolerabile
263 3269 509 3354 ingrediendum
530 3271 612 3332 erat:
642 3271 728 3332 terra
751 3269 901 3357 caeloque
929 3290 1084 3351 aquarum
1139 3348 1143 3356 ¹

74 3357 210 3440 penuria
237 3360 298 3439 est,
328 3357 452 3420 steriles
481 3355 620 3419 harenae
648 3356 768 3438 iacent,
798 3377 878 3505 quas
901 3356 957 3419 ubi
973 3378 1084 3456 ‘vapor

75 3444 153 3509 solis
181 3407 354 3528 accendit,
369 3443 492 3508 fervido
520 3444 588 3507 solo
618 3405 768 3506 exurente
751 3445 864 3506 atres
865 3443 944 3526 igia,
970 3443 1019 3506 int
1005 3443 1084 3507 to-le
1127 3479 1129 3482 ·

73 3533 186 3596 rabilis
217 3536 325 3597 aestus
358 3531 473 3595 existit.
517 3528 599 3618 huot
600 3530 781 3613 andumque
810 3533 973 3594 estnon
971 3530 1146 3596 soluma-

104 3635 313 3685 ,ouamaufua
411 3630 414 3636 ’
792 3628 794 3632 ·
911 3637 933 3683 ι,
