2422 3892
133 146 196 211 166
503 146 534 210 Q.
554 145 664 202 GUltTI
681 146 768 202 RUFI

131 292 256 356 remisit
283 291 423 355 domum.
473 287 533 354 Cet
519 292 596 354 teris
625 291 750 373 gratiae
779 293 884 373 actae,
911 291 997 374 quod
1025 291 1071 356 ad
1098 314 1148 359 re·

131 381 219 464 liqna
252 380 332 445 belli
367 382 543 443 navaturos
581 400 711 461 operam
746 379 992 462 pollicebantur.
1045 379 1149 484 [Turn

78 489 111 538 28
130 469 249 532 Bessus
263 467 470 551 perducitur]
507 465 645 531 Pervent
630 470 700 531 tum
723 467 816 531 erat
806 488 841 531 ιιι
859 428 1033 549 parvuldm
1054 470 1149 553 oppi-

130 557 219 635 dum:
241 555 488 620 Branchidae
460 576 527 620 erus
550 555 674 620 incolae
699 559 800 620 erant.
840 554 953 620 Mileto
976 557 1149 638 quondam

129 645 219 710 iussu
237 643 368 722 Xerxis,
391 664 464 707 cum
487 665 504 708 e
523 641 659 708 Graecia
679 644 812 726 rediret,
834 644 1032 708 transierant
1051 649 1088 710 et
1110 647 1149 711 in

130 755 169 797 ea
194 733 268 796 sede
292 733 516 812 constiterant,
544 732 621 814 quia
646 732 819 814 templum,
848 731 933 815 quod
956 730 1150 814 Didymeon

77 841 110 889 aa
130 820 396 904 appellatur,in
432 781 572 904 gratiam
608 817 724 884 Xerxis
760 818 971 884 violaverant
1030 819 1148 889 Mores

39 919 50 942 ⁰
129 909 227 991 patrii
255 907 398 972 nondum
426 909 643 972 exoleverant:
671 907 762 972 sed
752 929 818 971 ram
846 907 1009 991 bilingues
1039 915 1150 995 erant,

128 995 504 1148 paulatimadomestico
516 1001 647 1061 externo
657 1007 802 1059 sermone
816 994 999 1080 degeneres.
1017 995 1149 1084 Magno

129 1085 192 1167 igit
193 1106 230 1148 ur
257 1085 375 1168 gaudio
402 1104 513 1185 regem
536 1084 699 1184 excipiunt
721 1084 833 1147 urbem
857 1105 954 1167 seque
976 1083 1149 1153 dedentes.

129 1171 189 1236 Ille
217 1171 373 1256 Milesios,
404 1173 461 1257 qui
492 1173 618 1255 apud
608 1194 716 1255 rpsum
743 1171 936 1254 militarent,
967 1177 1151 1241 convocari

76 1279 111 1328 eo
128 1261 227 1326 iubet
263 1259 365 1326 Vetus
384 1261 493 1326 odium
511 1259 631 1324 Milesii
654 1260 810 1342 gerebant
829 1260 864 1324 in
881 1259 1150 1329 Branchidarum

130 1354 268 1434 gentem.
320 1348 461 1414 Proditis
494 1369 585 1431 ergo,
617 1349 684 1413 sive
715 1348 866 1427 iniuriae,
898 1348 967 1414 sive
999 1349 1150 1434 originis

129 1438 312 1501 meminisse
340 1437 485 1517 mallent,
517 1436 654 1500 liberum
685 1435 724 1499 de
750 1435 943 1500 Branchidis
974 1439 1151 1520 permittit

76 1543 109 1592 31
130 1525 310 1589 arbitrium.
343 1522 552 1588 Variantibus
572 1522 684 1587 deinde
702 1525 872 1588 sententiis
891 1544 927 1589 se
943 1524 1055 1607 ipsum
1070 1548 1151 1594 con·

128 1613 355 1696 sideraturum,
368 1611 446 1696 quid
456 1613 612 1694 optimum
626 1612 716 1676 factu
726 1617 821 1696 esset,
834 1613 983 1677 ostendit.
1001 1612 1149 1683 Postero

129 1700 180 1765 die
208 1700 449 1765 occurrentibus
476 1699 668 1764 Branchidis
695 1721 803 1765 secum
832 1701 1006 1783 procedere
1038 1702 1149 1770 iubet

128 1786 272 1873 Cumque
298 1789 338 1854 ad
366 1790 480 1853 urbem
507 1793 639 1854 centum
666 1793 763 1871 esset,
790 1789 860 1872 ipse
888 1810 961 1854 oum
987 1792 1150 1872 expedita

74 1895 107 1944 aa
127 1899 224 1941 mann
246 1882 376 1960 portam
394 1878 509 1942 intrat:
532 1877 675 1959 phalanx
692 1877 819 1942 moenia
837 1877 947 1960 oppidi
969 1877 1149 1946 circumire

126 1965 215 2029 iussa
242 1970 275 2029 et
302 1965 378 2029 dato
410 1965 504 2048 signo
534 1965 672 2046 diripere
698 1965 824 2049 urbem,
855 1965 1062 2048 proditorum
1093 1990 1148 2035 re·

74 2070 107 2119 13
127 2052 342 2135 captaculum,
368 2052 521 2136 ipsosque
549 2052 588 2116 ad
612 2071 719 2116 unum·
733 2054 875 2117 caedere.
918 2052 973 2118 Illi
996 2052 1148 2124 inermes

125 2139 249 2224 passim
281 2139 483 2204 trucidantur
513 2161 572 2204 nec
604 2144 661 2204 aut
693 2141 886 2205 commercio
916 2141 1050 2225 linguae
1085 2150 1149 2211 aut

126 2227 308 2313 supplicum
334 2227 526 2292 velamentis
552 2228 762 2312 precibusque
790 2228 931 2293 inhiberi
958 2229 1146 2300 crudelitas

125 2319 183 2399 pot
169 2318 243 2380 t.est
288 2314 444 2400 Tandem,
470 2320 508 2380 ut
531 2316 705 2400 deicerent,
732 2317 942 2382 fundamenta
969 2339 1146 2388 murorum

125 2403 201 2469 ab'
191 2425 258 2468 1mo
286 2403 424 2468 moliunt
409 2407 475 2487 tur,
502 2425 543 2468 ne
570 2403 656 2488 quod
682 2405 772 2469 urbis
799 2405 973 2490 vestigium
1000 2409 1146 2477 extaret

72 2510 106 2559 34
124 2491 267 2558 Nemora
297 2513 424 2576 quoque
455 2493 608 2576 lucosque
636 2513 744 2557 sacros
770 2513 837 2557 non
864 2493 1002 2557 caedunt
1029 2497 1146 2582 modo,

125 2581 232 2646 sedt
200 2603 216 2645 e
232 2581 298 2645 iam
317 2580 488 2664 extirpant,
506 2584 544 2645 ut
557 2583 651 2644 vasta
664 2580 805 2644 solitudo
826 2583 859 2644 et
876 2580 998 2645 sterilis
1016 2549 1146 2652 humus'

72 2687 105 2736 aa
125 2670 266 2734 excussis
290 2669 388 2733 etiam
410 2669 572 2734 radicibus
591 2668 800 2752 linqueretur
837 2666 971 2743 Quae
945 2690 974 2732 ει
991 2669 1026 2732 in
1044 2669 1145 2754 ipsos

123 2758 241 2840 prodit
232 2758 316 2820 ronis
336 2759 485 2821 auctores
504 2757 688 2842 excogitata
706 2760 814 2820 essent
818 2757 933 2839 ,iusta
951 2756 1035 2821 ultio
1057 2780 1146 2845 esse,

123 2865 189 2908 non
203 2843 338 2907 crudelit
324 2847 375 2908 111
393 2844 566 2908 videretur:
585 2865 670 2908 nunc
688 2844 815 2926 culpam
834 2845 992 2908 maiorum
1010 2813 1146 2927 posteri

123 2932 226 3012 luere,
248 2931 304 3014 qui
326 2952 366 2995 ne
389 2932 537 2996 viderant
560 2931 688 3014 quidem
706 2930 868 3016 Miletum,
891 2933 963 2997 ideo
983 2935 1017 2997 et
1033 2931 1146 3005 Xerxi

123 3040 189 3084 non
212 3022 387 3102 potuerant
409 3019 552 3102 prodere.

67 3126 104 3176 aa
211 3106 290 3172 lnde
308 3107 467 3191 prooessit
484 3106 524 3171 ad
541 3108 677 3173 Tanaim
695 3130 832 3174 amnem.
870 3107 1144 3193 Quoperductus
1155 3112 1197 3178 24

124 3199 174 3259 est
187 3195 307 3261 Bessus
321 3217 388 3261 non
402 3196 526 3260 vinctus
542 3197 647 3280 modo,
663 3196 719 3260 sed
734 3198 831 3261 etiam
846 3198 936 3262 omni
949 3197 1145 3268 velamento

124 3285 268 3366 corporis
293 3285 460 3368 spoliatus.
502 3281 702 3369 Spitamenes
727 3305 800 3348 eum
823 3286 955 3350 tenebat
977 3285 1064 3350 collo
1089 3289 1144 3355 in·

124 3375 211 3436 serta
229 3376 355 3457 catena,
378 3377 447 3438 tam
469 3374 618 3438 barbaris
638 3393 734 3456 quam
752 3371 982 3438 Macedonibus
1003 3378 1145 3456 gratum

69 3480 103 3529 et
123 3461 351 3543 spectaculum.
396 3461 479 3525 Tum
511 3459 727 3545 Spitamenes,
765 3458 821 3525 ‘Et
852 3459 906 3544 te’,
937 3462 1056 3545 inquit,
1092 3463 1145 3533 ‘et

109 3547 271 3636 Dareum,
299 3568 396 3637 reges
424 3570 530 3637 meos,
555 3550 644 3614 ultus
670 3548 910 3614 interfectorem
938 3549 1062 3614 domini
1087 3555 1145 3621 sui
