2422 3892
302 156 557 214 maronianae
575 153 797 210 memnoni·
809 151 860 223 1v,
880 158 905 208 a.
925 136 982 209 εἰ
1091 151 1134 216 53

121 304 262 368 claustra
284 300 352 367 Nili
374 301 516 366 fluminis
538 299 747 365 Polemonem
768 298 852 362 tueri
874 297 976 362 iubet:
999 314 1071 360 xxx
1093 296 1134 360 ad

120 391 184 455 hoo
213 391 361 455 triremes
393 389 496 454 datae.
546 388 675 452 Africae
706 386 836 471 deinde,
872 407 954 470 quae
983 383 1170 469 Aegyptos

121 481 233 543 iuncta
260 482 323 563 est,
354 477 556 562 praepositus
579 475 784 559 Apollonius,
815 473 1026 558 vectigalibus
1054 472 1134 537 eius·

124 566 195 629 dem
217 565 345 630 Africae
367 565 571 650 Aegyptique
594 562 788 628 Cleomenes.
839 561 891 626 Ex
912 561 1057 626 finitimis
1082 582 1133 624 ur·

123 653 219 717 bibus
248 654 457 738 commigrare
486 652 723 716 Alexandream
748 650 844 715 iussis
878 671 997 716 novam
1022 649 1136 713 urbem

123 762 242 826 magna
260 741 465 806 multitudine
483 740 627 824 inplevit.
662 738 763 804 Fama
781 742 839 823 est,
860 759 932 803 cum
950 759 1007 802 rex
1025 736 1135 801 orbem
1153 758 1170 808 a

122 829 240 893 futuris
263 824 363 894 mu'ris
385 831 531 913 polenta,
552 831 591 892 ut
611 826 823 891 Macedonum
851 848 922 891 mos
954 827 1017 910 est,
1040 824 1135 889 desti·

122 920 242 1001 nasset,
265 919 372 982 avium
395 937 510 1001 greges
533 916 700 980 advolasse
719 917 752 978 et
769 915 902 997 polenta
920 935 989 978 esse
1007 917 1135 998 pastas:

123 1026 259 1088 cumque
281 1005 315 1068 id
338 1026 433 1069 omen
454 1026 513 1088 pro
536 1004 622 1067 tristi
643 1025 663 1067 a
680 1002 840 1086 plerisque
859 1006 944 1067 esset
962 1004 1136 1084 acceptum,

122 1090 327 1174 respondisse
359 1095 464 1176 vates,
499 1111 651 1175 magnam
682 1090 772 1153 illam
798 1089 910 1153 urbem
942 1089 1137 1154 advenarum

124 1179 338 1261 frequentiam
366 1175 538 1262 culturam,
565 1177 739 1260 multisque
766 1197 837 1240 eam
863 1177 958 1240 terris
986 1177 1138 1240 alimenta

124 1266 353 1349 praebituram.

72 1355 116 1420 34
213 1352 349 1438 Regem,
372 1375 445 1418 eum
468 1353 608 1418 secundo
632 1352 720 1416 amni
743 1351 908 1434 deflueret,
931 1349 1063 1433 adsequi
1085 1371 1172 1420 cur

124 1442 215 1525 piens
238 1440 373 1525 Hector,
395 1440 617 1505 Parmenionis
643 1439 741 1522 filius,
769 1439 886 1503 eximio
912 1438 1028 1502 aetatis
1050 1437 1137 1521 flore,

124 1530 160 1592 in
195 1529 306 1613 paucis
338 1528 522 1593 Alexandro
555 1549 663 1611 carus,
699 1548 834 1610 parvum
864 1527 1029 1611 navigium
1062 1547 1136 1591 con-

127 1616 251 1680 scendit
272 1617 431 1700 pluribus,
461 1638 557 1700 quam
579 1636 692 1698 capere
715 1618 839 1699 posset,
869 1615 1028 1698 inpositis.
1072 1613 1139 1700 Ita<

67 1719 73 1731 ·
127 1724 189 1786 que
211 1724 318 1766 mersa
339 1705 431 1776 navis
454 1725 565 1768 omnes
589 1702 742 1768 destituit.
782 1701 913 1786 Hector,
935 1701 990 1766 diu
1012 1701 1137 1765 flumini
1156 1723 1173 1772 8

128 1790 326 1867 obluctatus,
362 1811 434 1854 cum
470 1791 601 1854 madens
632 1790 731 1855 vestis
763 1793 796 1855 et
827 1789 971 1853 adstricti
1003 1789 1138 1872 crepidis

127 1875 225 1961 pedes
247 1880 359 1941 natare
381 1878 602 1961 prohiberent,
628 1878 664 1942 in
685 1879 789 1961 ripam
811 1881 921 1942 tamen
942 1877 1138 1948 semianimis

127 1965 229 2029 evasit
253 1968 299 2049 et,
321 1969 358 2029 ut
379 1966 520 2048 primum
541 1966 698 2051 fatigatus
722 1966 869 2049 spiritum
891 1965 1021 2049 laxavit,
1044 1986 1139 2049 quem

126 2056 231 2117 metus
268 2057 301 2116 et
335 2054 514 2137 periculum
547 2054 743 2137 intenderat,
773 2054 863 2119 nullo
891 2048 1063 2130 adiuvante
1097 2089 1136 2099 -

128 2141 244 2224 quippe
273 2141 308 2204 in
334 2141 494 2206 diversum
523 2146 691 2207 evaserant
713 2143 769 2206 alii
791 2178 833 2189 -
857 2143 1057 2206 exanimatus
1080 2144 1138 2206 est.

128 2227 249 2291 Amissi
276 2228 343 2293 eius
372 2229 529 2294 desiderio
556 2231 762 2295 vehementer
789 2230 935 2295 adflictus
961 2235 1012 2295 est
1032 2249 1173 2314 repet-e

128 2319 398 2401 tumquecorpus
421 2318 593 2402 magnifico
617 2319 732 2383 extulit
752 2317 873 2383 funere.
991 2350 994 2355 ·

217 2403 371 2469 Oneravit
396 2405 483 2470 hunc
509 2407 652 2471 dolorem
673 2407 805 2470 nuntius
823 2406 936 2469 mortis
959 2404 1138 2484 Androma-
1159 2426 1191 2475 10

127 2491 192 2575 obi,
224 2513 319 2575 quem
346 2495 544 2576 praefecerat
572 2492 695 2576 Syriae:
731 2493 840 2558 vivum
868 2490 1044 2556 Samaritae
1073 2492 1163 2554 cre·‘

127 2584 303 2655 maverant.
347 2579 401 2643 Ad
432 2581 522 2646 cuius
554 2582 719 2644 interitum
747 2579 987 2661 vindicandum,
1019 2583 1140 2662 quanta

127 2668 266 2730 maxime
287 2668 448 2732 celeritate
466 2669 583 2752 potuit,
605 2667 778 2750 contendit,
801 2666 1045 2751 advenientique
1065 2670 1141 2731 sunt

132 2753 244 2818 traditi
279 2754 363 2816 tanti
399 2755 527 2819 sceleris
559 2758 714 2819 auctores.
765 2754 993 2820 Andromacho
1026 2755 1140 2821 deinde
1159 2778 1192 2827 11

128 2839 271 2904 Menona
289 2841 456 2905 substituit
474 2841 670 2925 adfectisque
694 2843 864 2926 supplicio,
887 2842 942 2926 qui
958 2848 1140 2927 praetorem

127 2930 371 3012 interemerant,
393 2932 549 3012 tyrannos
572 2965 615 2978 —-
636 2931 721 2994 inter
743 2953 823 3016 quos
841 2929 1140 3015 Methymnaeorum

116 3017 350 3081 Aristonicum
373 3021 406 3081 et
424 3015 635 3101 Chrysolaum
657 3055 700 3066 -
723 3019 931 3104 popularibus
955 3021 1021 3085 suis
1043 3020 1140 3084 tradi·

129 3104 191 3168 dit:
214 3126 295 3187 quos
317 3105 366 3168 illi
388 3106 429 3170 ob
451 3106 585 3171 iniurias
608 3109 711 3172 tortos
733 3111 937 3173 necaverunt.

217 3192 465 3258 Atheniensium
488 3195 615 3279 deinde,
643 3194 844 3262 Rhodiorum
866 3199 899 3260 et
921 3192 1075 3260 Chiorum
1096 3194 1140 3259 le·
1160 3216 1192 3264 12

130 3283 225 3363 gatos
252 3281 349 3344 audit.
393 3280 609 3348 Athenienses
635 3284 802 3349 victoriam
830 3283 1077 3368 gratulabantur
1100 3287 1140 3367 et,

130 3370 168 3431 ut
202 3369 321 3451 captivi
356 3367 552 3436 Graecorum
589 3371 655 3436 suis
691 3373 950 3455 restituerentur,
987 3372 1139 3435 orabant:

130 3453 248 3519 Rhodii
266 3460 299 3520 et
314 3453 387 3521 Chii
405 3457 445 3522 de
462 3457 622 3542 praesidio
642 3459 866 3542 querebantur.
901 3458 1020 3523 Omnes
1039 3479 1141 3540 aequa

130 3542 309 3608 desiderare
336 3545 397 3609 visi
422 3545 672 3630 inpetraverunt.
696 3589 698 3593 «
717 3545 920 3631 Mitylenaeis
947 3567 1074 3632 quoque
1097 3544 1138 3609 ob
1159 3563 1192 3613 18
