2422 3892
471 139 706 215 wsurrrruruon.
997 140 1100 194 xxvn

86 281 199 351 redigit.
236 281 294 335 XII.
322 280 404 334 India
422 279 462 334 eis
476 280 576 335 Indum
590 279 698 334 domita
711 280 811 334 Indum
824 279 928 333 tranat
941 280 1100 336 Alexander

87 351 275 422 Omphimque
296 367 442 420 regense
465 352 495 405 et
518 367 569 405 sua
586 351 744 406 tradentem
760 349 893 405 restituit.
931 351 1002 406 XIII.
1030 351 1098 406 Abi·

87 439 164 477 sares
181 439 211 477 se
226 421 313 489 dedit,
331 422 500 477 Bamaentes
519 423 549 476 at
562 421 696 476 Samaxus
715 421 803 477 vincti
821 421 851 474 in
870 421 1027 476 custodIam
1041 425 1099 476 tra·

87 494 199 547 duntur.
236 492 390 546 Alexandri
412 492 449 546 ad
466 492 619 562 Hydaspen
642 495 736 547 castra
759 493 789 546 et
805 491 912 546 bellum
931 509 993 547 cum
1011 493 1096 547 Poro:
1116 499 1168 550 32⁰

87 563 167 618 cuius
194 562 282 632 copiis
314 563 394 617 varia
426 565 487 617 arte
515 562 658 617 dmhactis
685 563 777 632 ripam
804 562 951 618 adversam
979 566 1099 632 occupat

86 634 254 688 Alexander.
290 631 361 688 XIV.
371 633 522 687 ‘Indorum
537 636 566 687 et
579 633 763 688 Macedonum
777 635 893 688 eruenta
906 651 1015 704 pugna:
1033 632 1099 690 Pori

87 705 195 774 captivi
213 703 434 774 magnanimitas
454 706 484 758 et
499 703 654 758 Alexandri
671 704 746 774 regis
766 703 924 760 elementia.

390 885 398 897 ·
474 870 603 929 LIBER·
615 870 712 930 VIIII.

157 985 178 1040 l
205 985 277 1041 Poro
301 985 425 1053 denoto,
453 985 491 1039 ad
517 984 644 1054 Hypasin
670 1001 758 1052 usque
784 987 915 1054 penetrat
939 984 1099 1040 Alexander

86 1055 528 1196 {atthffthhhlt
542 1055 1099 1196 pitttntsstnrrlhtltstt

86 1199 134 1251 tos
160 1199 191 1251 et
216 1195 348 1252 militiam
370 1197 559 1252 detrectantes
583 1196 709 1251 oratione
732 1197 769 1250 ad
790 1197 1027 1265 perseverantiam
1050 1197 1098 1251 ad·

86 1268 226 1322 hortatur.
271 1268 316 1322 ΠΙ.
355 1267 463 1322 Coenus
485 1283 536 1336 pro
560 1267 684 1322 exercitu
702 1267 860 1321 Alexandro
882 1268 1044 1336 respondet,
1069 1283 1099 1321 so

86 1339 202 1407 paratos
221 1337 336 1406 quidam
353 1355 415 1393 essa
430 1338 518 1406 sequi,
538 1338 588 1392 sed
602 1339 752 1393 exhaustos
766 1353 827 1393 esse
841 1337 980 1392 victoriis:
1000 1339 1099 1392 adsen-
1126 1345 1134 1358 ·

87 1408 198 1462 tiuntur
216 1408 303 1464 ceteri
322 1409 407 1464 duces
425 1411 455 1464 et
472 1408 586 1478 milites,
606 1425 723 1477 quorum
739 1408 870 1478 precibus
888 1407 980 1462 victus
994 1425 1043 1463 rex
1062 1408 1099 1462 ad

87 1478 241 1561 Hydaspen
257 1480 408 1535 revertitur
426 1480 570 1548 classeque
587 1482 687 1561 parata
705 1481 826 1534 secundo
845 1496 928 1534 amna
942 1480 1097 1534 devehitur.

87 1549 134 1605 IV.
168 1549 250 1605 Orrca
271 1551 457 1605 confluentem
474 1551 615 1619 Hydasprs
638 1553 668 1605 et
684 1550 812 1605 Acesinis
831 1550 863 1603 in
881 1549 1011 1604 Siborum
1029 1551 1097 1604 fines

86 1620 217 1689 pervenit
233 1620 355 1689 indeque
374 1621 411 1675 ad
428 1621 530 1675 Mallos
553 1624 583 1676 et
601 1621 745 1676 Sudracas.
784 1620 917 1676 Oratione
936 1622 972 1674 ad
992 1621 1098 1674 milites

88 1690 239 1746 seditiosos
257 1691 358 1745 habita
375 1692 510 1746 barbaros
528 1693 611 1761 fugat
624 1708 774 1759 eorumque
788 1691 923 1761 oppidum
937 1693 1098 1759 contempto

87 1760 283 1831 Demophonte
302 1764 367 1816 vate
387 1762 505 1816 obsidet.
542 1763 575 1817 V.
604 1762 769 1831 Alexander,
788 1762 838 1830 qui
854 1761 1005 1832 praecipiti
1023 1762 1098 1815 saltu

88 1847 119 1886 se
136 1831 167 1886 in
185 1833 284 1887 urbem
301 1832 415 1902 plenam
433 1835 603 1887 armatorum
617 1832 697 1886 'solus
715 1832 881 1899 immiserat,
901 1831 1025 1900 graviter
1038 1831 1099 1885 vul·

86 1904 202 1957 neratus
226 1919 310 1973 aegre
333 1920 440 1958 summo
462 1903 588 1973 periculo
612 1920 630 1957 a
648 1902 706 1957 suis
724 1902 849 1972 eripitur.
886 1901 1020 1970 Magnum
1038 1900 1098 1956 eius

87 1989 123 2028 ex
140 1973 255 2029 vulnere
272 1973 436 2043 periculum.
472 1974 519 2029 VI.
550 1974 683 2028 Nondum
700 1973 770 2027 satis
789 1974 885 2028 curato
903 1975 1016 2028 vulnere
1034 1973 1115 2032 bar-r

86 2044 165 2097 baris
183 2043 265 2098 illum
282 2044 389 2113 perisse
408 2044 586 2099 credentibus
605 2061 635 2098 se
654 2044 791 2099 ostendit:
810 2043 908 2098 amieis
921 2043 1098 2113 rogantibus,
1136 2081 1141 2091 .

86 2115 121 2167 ut
139 2114 225 2169 saluti
245 2131 311 2169 suae
329 2115 515 2184 publicaeque
532 2117 672 2184 parceret,
691 2131 825 2184 generose
842 2116 1000 2183 respondet.
1038 2113 1097 2169 VH.

88 2183 257 2239 Graecorum
271 2186 445 2254 quorundam
458 2186 489 2240 in
497 2186 648 2240 Bactriana
661 2186 822 2240 colonorum
831 2185 953 2240 deiectio
962 2201 1097 2255 repressa.

85 2254 170 2309 Malli
188 2257 217 2310 et
234 2255 373 2310 Sudracae
398 2273 427 2311 se
451 2257 565 2312 dedunt.
602 2257 736 2311 Horratas
754 2256 871 2312 Macedo
895 2257 924 2310 et
941 2256 1098 2325 Dioxippus

85 2325 268 2381 Atheniensis
289 2327 434 2396 inparibus
461 2328 546 2382 armis
569 2326 707 2396 singulari
730 2327 881 2382 certamine
903 2326 977 2380 inter
1000 2343 1029 2381 se
1047 2343 1098 2395 pu·

86 2398 185 2466 gnant.
211 2397 311 2452 Victor
323 2398 478 2468 Dioxippus
492 2398 576 2479 paulo
590 2401 656 2467 post
669 2397 847 2453 inimicorum
861 2396 1008 2450 calumniis
1022 2395 1099 2450 ultra

86 2467 203 2521 modum
219 2467 346 2522 irritatus
370 2485 399 2524 se
417 2468 479 2538 ipsa
496 2468 656 2523 mterimit.-
683 2467 755 2521 VIII.
787 2467 876 2521 Donis
896 2482 914 2519 a
932 2466 1035 2535 legatis
1053 2467 1098 2518 In·
1154 2535 1156 2538 Ι

88 2538 188 2592 dorum
206 2539 329 2608 acceptis
347 2557 396 2594 rex
415 2540 536 2593 secundo
555 2539 624 2593 indo
644 2539 681 2593 ad
699 2539 812 2606 gentem
827 2534 967 2591 Pataliam
985 2534 1098 2589 devehi·

85 2609 135 2661 tur
162 2608 277 2662 domitis
300 2610 431 2678 gentibus
454 2609 557 2664 flumen
580 2607 779 2662 accolentibus.
821 2605 976 2660 Ptolemaei
997 2605 1097 2659 vulnus

85 2677 224 2733 miraculo
244 2681 379 2738 sanetum.
420 2679 467 2733 IX.
498 2678 658 2734 Alexander
676 2676 806 2744 cupidine
829 2674 940 2730 visendi
958 2675 1097 2731 Oceanum
1117 2685 1169 2736 32⁶

86 2747 235 2814 correptus
253 2763 310 2800 non
328 2765 388 2803 sme
405 2749 538 2818 pencuiis
556 2748 670 2816 propter
693 2748 786 2801 aestus
809 2743 965 2801 maritimos
983 2748 1013 2802 et
1029 2745 1098 2802 nau‘-

85 2821 183 2873 tarum
205 2815 367 2884 inperitiam
388 2819 504 2873 tandem
527 2817 587 2872 voti
605 2816 651 2871 sui
667 2833 779 2886 compos
797 2816 931 2872 redditur.
977 2817 1010 2873 x
1043 2819 1098 2872 Ne-

87 2889 174 2944 archo
197 2886 311 2954 relicto,
334 2889 368 2941 ut
389 2904 452 2942 cum
474 2887 563 2943 classe
586 2903 636 2956 per
655 2888 795 2943 Oceanum
816 2889 1013 2957 reverteretur,
1037 2889 1098 2958 ipse

86 2976 137 3014 rex
155 2974 206 3026 per
222 2957 354 3012 Arabitas
374 2960 403 3013 et
422 2957 514 3013 Oritas
538 2961 567 3014 et
587 2958 715 3029 ingentia
733 2958 882 3015 Cedrosiae
906 2959 1018 3014 deserta
1035 2975 1097 3028 pro·

88 3027 224 3100 graditur,
243 3028 293 3082 ubi
311 3029 449 3084 exercitus
467 3029 623 3085 miserrime
641 3047 704 3085 oum
721 3029 794 3085 fame
813 3032 843 3085 et
859 3029 1023 3100 pestilentia
1040 3031 1097 3084 luc·

88 3101 173 3154 tatur.
205 3099 330 3153 Tandem
356 3100 387 3153 in
407 3099 581 3156 Carmaniam
602 3100 731 3171 pervenit
753 3117 869 3170 eamque
888 3101 1031 3155 luxurioso
1050 3117 1097 3169 ag·

88 3169 163 3224 mine
180 3172 326 3240 peragrat,
345 3170 450 3226 Bacchi
466 3188 517 3242 per
533 3171 644 3226 indiam
661 3171 833 3242 triumphum
850 3171 973 3226 imitans.

509 3306 629 3410 urana
646 3339 682 3399 x.

157 3449 178 3504 I.
211 3450 348 3505 Oleander
370 3452 511 3521 ceterique
528 3453 665 3522 praefecti
684 3453 839 3522 copiarum,
863 3467 935 3520 quae
955 3450 987 3503 in
1005 3449 1099 3504 Media

87 3519 204 3575 relictae
222 3521 344 3591 fuerant,
369 3523 506 3578 scelerum
527 3523 558 3577 in
576 3541 610 3579 ea
626 3523 772 3593 provincia
790 3521 975 3576 admissorum
992 3536 1097 3588 poenas

88 3591 166 3645 dant.
202 3592 324 3647 Nearchi
343 3595 372 3648 et
386 3593 536 3649 Onesicriti
555 3595 698 3650 adventus.
732 3591 890 3647 Alexandri
906 3591 944 3644 de
961 3589 1033 3642 orbs
1046 3590 1108 3639 tar-
1123 3591 1187 3636 aab.
