2422 3892
146 152 187 215 16
389 95 391 99 ,
516 152 547 216 Q.
568 149 782 206 crannum
914 165 917 170 ·
992 121 997 126 ’

144 293 318 362 adventare
345 318 379 361 se
407 297 558 379 senserit,
590 298 719 360 cautum
744 315 803 378 pro
826 293 995 359 temerario
1022 291 1158 372 facturn,

143 384 307 450 delituisse
333 385 417 448 inter
444 385 609 469 angustias
638 384 740 447 saltus
767 383 832 447 ritu
858 382 1050 466 ignobilium
1072 382 1158 447 fera-

143 495 229 551 rum,
266 494 347 559 quac
380 472 516 556 strepitu
547 472 820 557 praetereuntium
856 469 966 535 audito
1002 471 1158 534 silvarum

92 582 123 629 11
143 560 275 625 latebris
304 583 337 624 se
365 561 554 625 occulerent.
599 560 668 624 Ianr
696 560 794 624 etiam
815 558 1001 622 valitudinis
1025 559 1158 622 simula-

143 649 231 713 tione
258 649 409 713 frustrari
442 671 516 713 suos
540 648 667 712 milites,
712 645 775 712 Sed
796 668 863 712 non
885 647 1025 730 amplius
1047 647 1157 730 ipsum

101 769 104 774 ·
143 758 213 801 esse
240 759 411 821 passurum
434 736 609 801 detrectare
632 738 809 816 certamen:
841 734 876 799 in
897 735 953 800 illo
978 754 1088 818 specu,
1121 735 1158 799 in

91 931 123 980 η
142 825 622 998 ttmltltssffittdr
646 845 890 995 settled
907 826 1207 978 blattae

141 1022 214 1064 rum
237 1002 374 1086 pecunia
396 1002 485 1067 omni
504 1023 673 1083 rerumque
695 1000 939 1083 pretiosissimis
957 998 1157 1065 Damascum

143 1086 255 1172 Syriae
279 1111 351 1153 cum
374 1090 498 1154 modico
521 1089 683 1174 praesidio
706 1089 844 1152 militum
867 1088 993 1174 missis,
1013 1089 1155 1172 reliquas

142 1178 251 1260 copias
283 1178 319 1242 in
346 1175 491 1243 Ciliciam
519 1178 622 1263 duxit,
651 1176 893 1261 insequentibus
925 1198 1014 1241 more
1045 1177 1154 1260 patrio

142 1286 259 1350 agmen
281 1267 417 1352 coniuge
442 1288 480 1330 ac
498 1270 610 1332 matre.
641 1265 797 1350 ¹Virgines
817 1285 942 1348 quoque
961 1286 1033 1330 cum
1051 1286 1154 1349 parvo

141 1353 208 1417 filio
233 1354 472 1419 comitabantur
495 1359 630 1436 patrem.

89 1460 120 1508 13
227 1440 326 1506 Forte
349 1441 461 1506 eadem
478 1445 573 1506 nocte
591 1445 624 1506 et
636 1441 819 1506 Alexander
833 1442 874 1506 ad
886 1441 1007 1524 fauces,
1029 1441 1147 1525 quibus
1197 1508 1201 1516 ,

142 1525 236 1611 Syria
260 1527 374 1613 aditur,
398 1533 431 1593 et
443 1528 569 1594 Dareus
589 1529 630 1594 ad
645 1551 718 1594 eum
730 1531 846 1614 locum,
869 1551 964 1613 quem
978 1527 1154 1597 Amanicas

88 1635 123 1684 14
140 1614 239 1699 Pylas
263 1620 393 1701 vocant,
421 1618 576 1700 pervenit.
620 1616 689 1683 Neo
711 1616 1053 1704 dubitavere'Persae,
1076 1619 1156 1703 quin

140 1703 211 1770 Isso
234 1705 356 1790 relicta,
379 1728 476 1790 quam
498 1711 659 1791 ceperant,
680 1705 873 1772 Macedones
892 1705 1054 1791 fugerent:
1076 1728 1155 1772 nam

141 1793 239 1858 etiam
267 1793 366 1858 saucii
393 1794 522 1878 quidam
551 1798 584 1858 et
605 1794 749 1878 invalidi,
777 1795 832 1877 qui
854 1815 972 1879 agmen
993 1816 1061 1860 non
1081 1817 1150 1878 po·-

88 1901 121 1948 15
140 1887 245 1948 terant
260 1884 422 1967 persequi,
455 1884 580 1966 excepti
609 1886 708 1948 erant.
755 1882 842 1958 Quos
870 1882 973 1948 omnis
996 1883 1155 1949 instinctu

139 1974 391 2054 purpuratorum
422 1972 562 2044 barbara
594 1972 723 2036 feritate
756 1972 967 2036 saevientium
997 1972 1153 2055 praecisis

140 2055 327 2140 adustisque
349 2061 498 2123 manibus
522 2060 724 2139 circumduci,
748 2064 786 2123 ut
808 2060 918 2142 copias
942 2081 1153 2126 suasnosce-

139 2149 224 2230 rent,
249 2146 392 2229 satisque
416 2149 564 2213 omnibus
589 2149 742 2231 spectatis
765 2149 928 2233 nuntiare,
952 2169 1032 2232 quac
1054 2149 1153 2214 vidis·

88 2253 120 2303 16
140 2236 224 2317 sent,
254 2234 324 2319 regi
348 2234 406 2299 suo
429 2237 533 2300 iussit.
579 2236 679 2302 Motis
703 2257 780 2321 ergo
804 2236 920 2301 eastris
944 2240 1079 2319 superat
1099 2236 1153 2302 Pi-

137 2342 253 2385 narum
276 2344 413 2408 amnem,
435 2324 470 2387 in
491 2325 602 2409 tergis,
623 2328 661 2388 ut
684 2325 849 2407 credebat,
864 2324 1058 2409 fugientium
1074 2324 1152 2392 hae·

139 2418 241 2476 surus.
277 2411 325 2475 At
342 2411 399 2496 illi,
422 2434 559 2496 quorum
579 2417 803 2496 amputaverat
825 2435 956 2497 manus,
979 2413 1021 2476 ad
1042 2417 1154 2479 castra
1162 2411 1200 2479 21

137 2498 349 2566 Macedonum
371 2504 552 2585 penetrant,
574 2500 725 2586 Dareum,
748 2504 869 2585 quanto
893 2502 1034 2567 maximo
1055 2524 1153 2569 eursu

86 2607 118 2655 1⁷
137 2593 258 2673 posset,
282 2589 372 2672 sequi
394 2591 591 2655 nuntiantes.
611 2589 693 2677 'Vix
714 2589 794 2654 fides
812 2590 1002 2655 habebatur.
1037 2589 1154 2675 Itaque

138 2677 356 2758 speculatores
383 2679 419 2743 ia
446 2679 625 2743 maritimas
652 2678 800 2764 regiones
823 2679 1019 2762 praemissos
1042 2679 1153 2763 explo-

139 2784 211 2825 rare
238 2785 293 2829 ree
322 2765 424 2848 iubet,
447 2767 516 2850 ipse
540 2767 680 2852 adesset,
709 2789 752 2831 an
773 2766 1011 2850 praefectorum
1035 2767 1153 2851 aliquis

85 2870 118 2919 18
139 2851 278 2933 speciem
303 2853 506 2935 praebuisset
528 2856 670 2920 rmiversi
692 2854 851 2920 venientis
875 2855 1042 2920 exercitus.
1089 2853 1154 2922 Sed

96 2962 97 2966 ¹
137 2961 210 3002 curn
239 2941 456 3023 speculatores
484 2945 733 3028 reverterentur,
764 2943 878 3028 procul
905 2943 1020 3029 ingens
1043 2944 1154 3010 multi·

136 3026 214 3091 tudo
237 3030 411 3110 conspecta
434 3032 492 3093 est.
533 3029 629 3114 Ignes
652 3032 764 3096 deinde
787 3033 867 3097 totis
897 3032 1018 3116 campis
1041 3033 1154 3099 conlu-

136 3136 207 3179 cere
230 3119 406 3199 coeperunt
430 3117 599 3201 omniaque
622 3120 710 3184 velut
732 3121 911 3185 continenti
933 3120 1081 3198 incendio
1100 3144 1153 3187 ar·

137 3202 209 3267 dere
237 3205 321 3287 visa,
354 3226 427 3269 cunr
454 3206 619 3272 incondita
646 3210 988 3293 multitudo-maxime
1015 3213 1154 3293 propter

84 3312 116 3360 19
135 3291 281 3356 iumenta
310 3293 414 3358 laxius
440 3296 596 3360 tenderet.
640 3296 767 3382 Itaque>
782 3320 820 3363 eo
843 3299 914 3382 ipso
938 3299 1010 3363 loco
1034 3300 1155 3364 metari

136 3401 212 3443 suos
248 3385 355 3446 castra
389 3383 543 3469 iusserat,
580 3384 698 3470 laetus,
735 3386 821 3469 quod
853 3387 941 3451 omni
969 3387 1155 3470 expetierat

75 3508 81 3518 -
142 3469 233 3553 voto,
264 3470 385 3536 inillis
408 3474 614 3556 potissimum
637 3475 795 3559 angustiis
817 3474 1050 3540 decernendum
1072 3475 1155 3543 fore.

81 3575 115 3624 ao
134 3554 294 3642 Ceterum,
317 3562 354 3624 ut
377 3561 460 3626 solet
481 3562 561 3646 fieri,
585 3584 658 3626 cum
680 3562 786 3634 ultimi
805 3560 1000 3629 discriminis
1012 3558 1152 3650 >tempus
