2422 3892
135 139 197 201 104
503 138 534 202 Q.
555 137 664 193 cuam
682 139 769 193 RUFI

568 349 646 417 (ier.
668 350 707 417 X.

97 476 109 524 1
217 451 264 521 At
293 455 412 520 Bessus
441 459 474 520 et
500 455 705 521 Nabarzanes
738 458 814 522 olim
846 459 1004 542 agitatum
1036 460 1139 524 scelus
1150 459 1193 525 28

130 544 243 628 exequi
266 547 413 608 statuunt
434 545 525 627 regni
548 544 720 627 cupiditate
744 546 881 610 accensi:
904 544 1010 611 Dareo
1031 549 1140 611 autem

96 632 281 697 nincolumi
309 633 419 696 tantas
447 653 524 714 opes
557 653 683 714 sperare
711 654 777 697 non
806 635 963 715 poterant.
1014 633 1139 716 Quippe

129 719 164 783 in
186 718 250 782 illis
274 719 424 803 gentibus
440 739 552 803 regum
570 719 686 783 eximia
704 720 854 784 maiestas
873 725 934 786 est:
960 720 1000 785 ad
1019 743 1140 792 nomen

88 869 91 873 .
130 827 256 890 quoque
278 806 407 870 barbari
430 806 632 888 conveniunt,
657 810 689 870 et
712 808 866 890 pristinae
888 809 1052 872 veneratio
1075 809 1139 873 for-

95 912 110 959 3
130 896 227 957 tunae
246 894 388 976 sequitur
407 893 580 958 adversam.
612 893 752 959 Inflabat
769 895 885 977 impios
901 895 1024 959 animos
1039 897 1139 980 regio,

129 980 180 1044 cui
206 984 389 1065 praeerant,
416 982 512 1045 armis
539 981 679 1065 virisque
707 985 740 1045 et
762 983 866 1063 spatio
889 983 1033 1047 locorum
1057 984 1139 1047 nulli

130 1089 240 1132 earum
267 1069 412 1152 gentium
436 1068 587 1133 secunda:
619 1069 748 1133 tertiam
770 1073 896 1152 partem
918 1068 1017 1134 Asiae
1039 1074 1139 1154 tenet,

129 1155 299 1220 multitudo
330 1157 491 1221 iuniorum
519 1156 687 1240 exercitus,
720 1178 799 1240 quos
830 1157 981 1221 amiserat
1003 1156 1162 1240 Dareus,-

93 1244 297 1327 4aequabat.
342 1244 456 1328 Itaque
482 1265 550 1309 non
576 1244 667 1308 illum
694 1245 803 1328 modo,
836 1245 890 1308 sed
918 1245 1014 1308 etiam
1042 1244 1137 1309 Alex-

53 1362 55 1366 1
129 1331 266 1396 andrum
289 1329 496 1416 spernebant,
527 1330 601 1394 inde
632 1332 716 1396 vires
745 1332 871 1414 imperii
898 1333 1077 1414 repetituri,
1101 1334 1138 1397 si

85 1413 109 1481 'a
128 1419 220 1502 regni
256 1419 296 1482 iis
332 1419 429 1501 potiri
461 1419 657 1502 contigisset.
708 1417 780 1482 Diu'
804 1419 952 1482 omnibus
985 1420 1137 1503 cogitatis

127 1504 248 1587 placuit
270 1526 328 1589 per
349 1506 465 1569 milites
488 1505 678 1570 Bactrianos
702 1505 742 1569 ad
765 1527 859 1570 omne
878 1507 1066 1589 obsequium
1085 1507 1137 1572 de-

128 1592 263 1656 stinatos
297 1609 406 1676 regem
442 1593 698 1676 conprehendere
734 1593 881 1677 mittique
912 1594 1062 1658 nuntium
1097 1596 1137 1660 ad

93 1678 360 1763 oAlexandrum,
390 1680 445 1764 qui
475 1681 629 1745 indicaret
659 1681 767 1746 vivum
795 1681 956 1746 adservari
983 1702 1068 1747 eum:
1099 1683 1138 1766 si,

127 1767 160 1831 id
183 1769 268 1851 quod
291 1769 459 1850 timebant,
488 1769 701 1852 proditionem
724 1772 911 1852 aspernatus
935 1773 1032 1853 esset,
1056 1771 1138 1834 occi·

128 1856 194 1918 suri
221 1854 362 1922 Dareum
393 1860 425 1920 et
451 1856 569 1921 Bactra
600 1871 674 1921 cnm
704 1879 833 1921 suarum
866 1857 1010 1942 gentium
1039 1879 1138 1922 manu

54 1953 61 1966 ·
94 1943 267 2025 zpetituri.
313 1942 462 2008 Ceterum
489 1945 656 2027 propalam
683 1943 899 2027 conprehendi
921 1942 1046 2012 Dareus
1069 1966 1139 2009 non

79 2092 83 2100 ,
127 2033 255 2113 poterat
277 2034 328 2095 tot
342 2028 513 2095 Persarum
534 2032 663 2095 milibus
686 2031 798 2095 laturis
822 2051 916 2113 opem
934 2032 1015 2116 regi:
1039 2029 1137 2096 Grae·

93 2131 238 2180 acorum
272 2138 397 2200 quoque
428 2118 507 2182 fides
536 2118 717 2200 timebatur.
761 2117 873 2202 Itaque
901 2119 985 2202 quod
1012 2120 1044 2182 vi
1070 2141 1139 2185 non

128 2206 290 2287 poterant,
319 2205 431 2268 fraude
464 2205 596 2289 adsequi
626 2208 798 2289 temptant:
829 2206 1059 2290 paenitentiam
1090 2228 1138 2270 se·

128 2291 281 2356 cessionis
305 2291 454 2356 simulare
478 2292 683 2357 decreverant
706 2297 738 2356 et
755 2314 905 2358 excusare
924 2294 1009 2376 apud
1027 2314 1136 2377 regem

128 2380 421 2445 consternationem
448 2402 547 2446 suam.
592 2380 739 2464 Interim,
769 2382 824 2464 qui
846 2380 961 2445 Persas
984 2381 1136 2446 sollicita·

93 2484 108 2531 e
127 2470 208 2550 rent,
230 2467 410 2533 mittuntur.
445 2467 531 2532 Hinc
553 2489 617 2552 spe,
639 2467 715 2532 hinc
733 2471 821 2532 metu
839 2468 993 2532 militares
1013 2470 1137 2533 animos

127 2558 274 2620 versant:
305 2556 415 2620 ruinae
442 2577 549 2620 rerum
572 2556 706 2620 subdere
728 2557 801 2620 illos
824 2555 944 2640 capita,
975 2556 1009 2620 in
1031 2558 1136 2639 perni-

128 2643 207 2708 ciem
234 2644 334 2728 trahi,
367 2666 438 2708 cum
465 2643 584 2708 Bactra
610 2646 743 2728 pateant
769 2648 939 2727 exceptura
964 2665 1019 2709 ecs
1041 2644 1136 2708 bonis

128 2734 160 2794 et
196 2732 375 2814 opulentia,
412 2732 527 2796 animis
564 2753 660 2815 quam
696 2731 863 2816 concipere
898 2753 966 2797 non
1001 2731 1136 2815 possint.

76 2833 108 2880 10
126 2815 216 2880 Haec
239 2819 438 2901 agitantibus
453 2818 631 2883 Artabazus
654 2820 839 2903 supervenit
861 2820 926 2884 sive
944 2819 1029 2903 regis
1046 2820 1136 2883 iussu
1147 2819 1191 2883 29

128 2903 193 2968 sive
228 2925 285 2967 sua
317 2908 431 2988 sponte
463 2906 649 2989 adfirmans,
685 2907 878 2992 mitigatum.
897 2927 967 2970 esse
994 2903 1135 2968 Dareum

127 2994 160 3054 et
187 2991 321 3054 eundem
347 2992 412 3056 illis
441 2993 598 3058 amicitiae
621 2994 755 3077 gradum
776 2996 887 3078 patere
909 2992 994 3074 apud
1017 3010 1135 3073 regem.

76 3096 105 3143 11
126 3077 178 3141 illi
214 3079 419 3143 lacrimantes
453 3099 540 3143 nunc
570 3100 709 3165 purgare
741 3102 787 3164 se,
822 3099 907 3143 nunc
938 3078 1135 3142 Artabazum

128 3187 227 3249 orare,
249 3169 286 3230 ut
309 3186 438 3232 causam
461 3166 604 3250 ipsorum
621 3171 764 3232 tueretur
780 3186 952 3251 precesque
969 3165 1135 3249 perferret.

76 3271 107 3318 12
128 3250 179 3317 Sic
201 3257 331 3337 peracta
353 3257 448 3319 nocto
471 3254 530 3318 sub
553 3255 633 3320 lucis
657 3257 801 3320 exortum
823 3253 940 3318 Bessus
962 3258 994 3318 et
1010 3251 1144 3318 Nabar.

127 3361 221 3405 zanes
249 3363 321 3407 cum
341 3341 528 3407 ⁴Bactrianis
554 3343 709 3407 militibus
736 3341 772 3405 in
798 3341 955 3406 vestibulo
983 3341 1135 3426 praetorii

134 3428 280 3512 aderant,
303 3429 433 3493 titulum
454 3430 618 3495 sollemnis
641 3428 738 3494 officii
762 3429 886 3494 occulto
911 3429 1022 3494 sceleri
1044 3449 1135 3511 prae-

126 3515 274 3580 ferentes.
319 3516 443 3581 Dareus
472 3518 565 3602 signo
592 3517 632 3581 ad
660 3516 798 3581 eundum
824 3515 899 3582 dato
922 3538 1048 3581 currum
1072 3515 1134 3597 pri·
