2422 3892
119 159 181 222 198
489 157 520 221 Q.
540 155 751 210 1111111111

116 304 235 387 itaque,
251 301 366 366 necubi
384 300 572 382 vinceretur,
590 320 663 364 oum
681 299 796 364 ceteris
813 302 1021 384 praestaret,
1043 302 1135 367 scutis

117 394 285 476 argenteas
308 390 447 471 lamnas,
470 388 559 471 equis
582 387 689 453 frenos
712 406 826 450 aureos
845 386 996 473 addidit,
1022 389 1135 455 loricas

117 501 243 563 quoque
262 478 343 541 alias
363 497 455 558 auro,
477 475 556 538 alias
576 478 710 560 argento
730 474 911 539 adornavit
951 492 1032 541 cxx
1051 478 1136 541 milia

118 569 315 631 armatorum
329 567 430 647 erant,
444 584 525 646 quae
539 583 649 646 regem
664 562 704 627 ad
718 561 751 626 id
766 562 888 627 bellum
898 565 1136 647 sequebantur.

83 655 248 738 clamque
272 652 422 717 omnibus
445 650 659 736 praeparatis,
687 649 771 734 quod
794 648 872 713 olim
895 671 1011 733 prava
1034 657 1137 719 menta

118 744 323 824 conceperat,
348 744 424 803 tunc
452 761 521 803 esse
550 743 711 802 maturum
738 742 840 819 rotro,
863 746 1023 821 'quonam
1048 741 1138 807 modo

118 830 273 894 caelestes
287 827 424 891 honores
438 829 618 909 usurparet,
636 826 743 908 coepit
755 826 888 909 agitare.
923 824 1023 893 Iovis
1038 829 1139 895 lilium

118 938 183 980 non
202 915 266 979 diei
289 919 416 978 tantum
435 936 483 998 se,
502 915 557 978 sed
576 914 674 979 etiam
694 913 778 978 credi
797 911 947 1011 volebat,
964 918 1139 1001 tamquam

84 999 250 1084 eperinde
283 998 399 1063 animis
430 999 587 1082 imperare
619 1001 731 1081 posset
757 1019 794 1062 ac
820 997 943 1083 linguis
967 1000 1138 1087 jussitque

119 1109 209 1152 more
231 1086 402 1151 Persarum
424 1087 618 1151 Macedonas
640 1085 884 1151 venerabundos
908 1086 1030 1169 ipsum
1055 1092 1139 1157 sulu-

119 1179 189 1241 tare
206 1179 446 1258 prosternentes
464 1175 554 1239 humi
573 1196 716 1259 corpora.
747 1173 823 1239 Non
836 1173 949 1239 deerat
961 1177 1056 1243 talia
1070 1200 1139 1245 con·

120 1265 296 1348 cupiscenti
309 1264 492 1348 perniciosa
507 1263 659 1346 adulatio,
672 1265 862 1347 perpetuum
872 1263 1003 1329 malum
1013 1286 1139 1353 regum,

119 1368 253 1428 quorum
281 1368 356 1429 opes
381 1347 507 1428 saepius
536 1346 719 1410 adsentatio
747 1367 845 1430 quam
870 1346 981 1415 hostis
1012 1355 1139 1419 evertit

85 1446 100 1493 1
119 1432 188 1497 Ν11
201 1433 411 1497 Macedonum
428 1434 509 1497 haec
527 1436 596 1498 erat
614 1435 709 1517 culpa
723 1470 765 1481 —
778 1454 874 1499 nemo
892 1436 984 1503 enim
1004 1439 1140 1507 illorum

120 1521 290 1602 quiequam
308 1541 348 1584 ex
365 1520 472 1603 patrio
491 1541 580 1584 more
598 1522 707 1586 labare
726 1522 881 1587 sustinuit
896 1558 936 1569 —
953 1527 1020 1592 sod
1041 1527 1139 1595 Grae·

120 1627 238 1690 eorum,
257 1608 312 1691 qui
331 1607 562 1691 professionem
581 1608 789 1674 honestarum
804 1610 925 1693 artium
943 1614 1051 1681 malis
1071 1638 1140 1683 eor·

85 1698 275 1779 eruperant
292 1696 444 1761 moribus.
480 1698 563 1780 Agis
585 1697 715 1781 quidam
734 1696 890 1782 Argivus,
911 1701 1140 1782 pessimorum

118 1784 295 1849 carminum
317 1789 393 1868 post
410 1783 596 1851 Choerilum
618 1785 781 1867 conditor,
806 1789 840 1850 et
857 1807 895 1850 ex
915 1784 1037 1856 Sicilia
1060 1791 1139 1859 (ileo

120 1908 158 1918 -
183 1872 237 1938 hic
260 1874 387 1958 quidem
410 1895 476 1938 non
497 1874 620 1958 ingenii
642 1875 761 1956 solum,
783 1872 839 1939 sed
862 1874 961 1939 etiam
985 1880 1140 1945 nationis

117 1960 197 2024 vitio
216 1961 364 2024 adulator
378 1997 419 2007 —
440 1965 473 2025 et
491 1966 598 2026 cetera
615 1962 744 2026 urbium
763 1982 894 2027 suarum
910 1972 1140 2048 purgamenta

117 2046 306 2130 propinquis
337 2048 435 2111 etiam
463 2049 738 2150 maximorumque
765 2049 965 2152 exercituum
995 2052 1139 2156 ducibus

116 2134 714 2308 11111111111111111111
728 2138 1141 2297 1111111111ὄέξὲ

83 2322 99 2370 9
119 2331 185 2372 rem
203 2331 289 2375 novo
308 2311 431 2374 numini
451 2331 596 2376 cessuros
616 2334 685 2376 erse
703 2312 877 2377 iactabant
912 2311 1025 2397 Igitur
1048 2315 1177 2385 festolt

117 2398 168 2462 die
192 2398 279 2462 omni
304 2399 470 2482 opulentia
488 2399 669 2464 convivium
689 2400 840 2464 exornari
861 2399 966 2483 iubet,
990 2404 1050 2469 cui
1067 2428 1141 2473 nou

116 2483 307 2551 Macedones
330 2487 427 2552 modo
451 2491 484 2552 et
506 2485 635 2570 Graeci,
664 2487 826 2570 principes
850 2486 1048 2577 amicorum,
1077 2494 1139 2560 sed

19 2602 22 2607 ·
117 2575 217 2639 etiam
236 2576 362 2640 barbari
383 2576 509 2641 nobiles
534 2575 769 2640 adhiberentur.
806 2572 888 2641 (lum
911 2575 1034 2659 quibus
1058 2602 1140 2649 oum

117 2662 331 2728 discubuisset
348 2684 417 2746 rex,
440 2663 603 2746 paulisper
621 2663 766 2746 epulatus
786 2662 933 2729 convivio
953 2666 1139 2748 egreditur.

116 2748 206 2831 Cleo,
230 2751 313 2816 sicut
335 2755 562 2833 praeparatum
585 2756 667 2833 erat,
690 2771 870 2815 sermonem
888 2771 962 2815 eum
984 2752 1139 2825 admira·

65 2850 97 2898 10
117 2838 204 2901 tione
227 2837 357 2902 laudum
377 2838 444 2903 eius
468 2838 617 2902 instituit.
656 2837 773 2902 Merita
791 2837 904 2902 deinde
926 2847 1140 2921 percensuitt

117 2922 234 3006 quibus
257 2945 321 2988 uno
345 2922 441 2989 modo
463 2926 576 2990 referri
599 2926 738 3010 gratiam
762 2947 871 3009 posse,
894 2927 935 3008 si,
959 2948 1062 3010 quem
1087 2933 1140 3001 in-

116 3011 310 3097 tellegerent
332 3012 425 3076 deum
450 3034 533 3096 esse,
560 3016 802 3096 confiterentur,
833 3015 948 3097 exigua
969 3016 1059 3085 turis
1086 3021 1140 3089 in.

65 3113 216 3184 11pensa
242 3103 336 3165 tanta
364 3100 518 3164 beneficia
544 3102 717 3183 pausaturi.
762 3101 878 3166 Persas
907 3100 1040 3186 quidem
1064 3128 1141 3177 non

116 3189 169 3270 pie
192 3190 311 3273 solum,
336 3189 513 3254 sedetiam
537 3191 709 3272 prudenter
731 3210 822 3274 reges
846 3211 921 3254 suos
943 3189 1031 3255 inter
1051 3194 1140 3265 deos

116 3276 233 3340 colere:
261 3279 464 3343 maiestatem
488 3278 573 3342 enim
596 3278 723 3362 imperii
747 3278 861 3342 salutis
885 3299 955 3342 esse
977 3280 1140 3354 tutelam.

116 3362 165 3428 Na
183 3362 355 3431 Herculem
375 3365 503 3450 quidem
522 3370 555 3431 et
572 3365 703 3430 Patrem
718 3364 872 3429 Liberum
891 3366 980 3448 prius
999 3365 1140 3441 dicatos

116 3451 206 3537 deos,
229 3474 325 3538 quam
348 3454 501 3519 viaissent
523 3474 630 3518 secum
652 3451 830 3517 viventium
853 3452 1025 3519 invidiam:
1058 3462 1139 3527 tan.

101 3542 237 3611 tandem
273 3566 405 3634 quoque
437 3547 593 3633 posteros
622 3539 769 3619 credere,
798 3543 960 3618 quantum
980 3558 1150 3613 praesens
