2422 3892
301 152 554 207 HISTORIARUM
572 151 786 206 ALEXANDRI
805 153 838 221 X,
858 160 883 206 4.
1033 153 1096 216 269

86 299 158 362 dine
184 303 213 362 ct
238 299 335 379 specie
359 298 502 379 insipnes.
553 295 658 378 Supra
686 299 912 379 quinquaqinta
939 299 1028 361 india
1056 299 1099 362 ibi

86 390 219 468 reperta,
246 406 315 450 oum
341 386 519 450 Alexander
540 405 573 449 eo
601 386 758 467 transiret,
785 404 807 448 a
829 386 986 449 comitibus
1014 386 1099 451 illius

87 476 268 539 adnotatam
290 479 351 539 esi:
377 474 452 538 olim
475 474 567 555 triplo
583 474 691 554 plures
710 474 816 556 friusa,
838 474 892 538 scd
912 475 993 538 inter
1011 474 1097 538 bello·

87 582 158 626 rum
182 563 287 627 turbas
308 563 481 627 inanimam
503 581 607 626 eorum
629 566 751 643 partem
771 563 937 643 praedones
958 563 1097 643 abcpisse.

88 651 142 714 Ad
163 652 292 732 tripinta
313 652 377 716 dies
399 650 442 714 ubi
465 650 599 714 substitit
619 670 682 714 ren.
724 650 774 714 Eo
792 649 957 731 Atropams
975 651 1100 714 Mediae

86 743 216 820 satrapa
234 743 354 803 centum
371 739 521 803 barbaras
538 738 680 802 mulieres
697 739 828 803 adducit
843 740 1002 819 equitandi
1016 739 1099 820 peri·

88 832 136 891 tas
160 828 310 909 peltisque
335 831 364 890 et
389 827 544 891 mcurrbns
567 831 722 891 armatas:
754 828 835 891 unde
856 828 983 907 quidam
1006 827 1099 890 credi

87 916 198 980 derurd
223 915 419 980 Amazonum
449 935 488 979 eu
515 919 603 996 pente
632 915 780 994 reliquias
808 915 911 994 fuisse.
955 913 1100 996 Septimis

87 1004 193 1067 deinde
215 1005 325 1068 castris
346 1003 510 1067 Ecbatana
534 1003 649 1085 attiqit,
676 1002 800 1067 Mediae
822 1008 921 1085 caput.
966 1004 1019 1067 Ibi
1040 1005 1099 1068 sol·

88 1091 203 1155 lemnia
225 1092 287 1155 diis
308 1091 463 1171 sacrificia
483 1091 555 1171 fecit
578 1092 722 1171 ludosque
744 1092 841 1156 edidit
860 1096 889 1155 et
905 1093 941 1154 in
960 1093 1100 1156 conuiuia

85 1179 234 1258 festosque
269 1179 333 1243 dies
369 1179 488 1242 haunit
522 1179 676 1256 animum,
711 1184 747 1242 ut
776 1199 849 1244 mou
883 1179 918 1242 in
954 1199 1100 1243 nouorum

87 1287 213 1347 worm
248 1286 355 1331 curam
390 1271 481 1348 alque
514 1267 689 1331 ministeria
725 1268 858 1332 calidior
888 1265 1099 1332 intenderetur.

88 1354 150 1419 Sed
185 1356 246 1419 ista
280 1355 456 1437 volventem,
491 1355 573 1419 uelut
607 1356 719 1419 iniecta
754 1375 864 1436 manu,
898 1355 1002 1434 fatum
1038 1356 1100 1420 alio

88 1444 188 1507 traicit
217 1444 371 1523 uitamque
401 1443 560 1530 carissimo
593 1444 765 1507 amicorum
791 1444 856 1508 eius
882 1463 977 1523 neque
1005 1445 1100 1508 multo

83 1536 155 1612 post
184 1532 247 1612 ipsi
274 1551 390 1612 quoque
420 1532 485 1613 rcqi
515 1533 648 1596 eutorsit.
697 1531 815 1597 Pueros
846 1533 881 1595 iu
912 1533 1011 1596 stadio
1039 1553 1100 1596 ccr-

89 1624 187 1682 tautes
213 1620 375 1698 spectabat,
403 1639 472 1682 oum
499 1621 664 1684 nuntiatur
688 1620 811 1701 deficere
836 1619 1100 1703 Hephaestionem,

88 1708 143 1787 qui
173 1707 276 1770 morbo
307 1726 344 1770 en
376 1707 504 1786 crapula
539 1711 691 1771 mniracto
727 1709 890 1787 septimum
925 1709 990 1770 iam
1021 1709 1101 1773 dnm

88 1793 271 1876 aeprotabat.
315 1793 493 1857 Exterritus
524 1795 618 1857 amici
643 1795 782 1875 periculo
811 1796 917 1858 statim
948 1797 1102 1876 consurqit

89 1887 118 1946 et
139 1883 182 1945 ad
200 1880 366 1962 hospitium
383 1881 470 1945 illins
487 1882 621 1945 celeriter
639 1883 756 1964 perpit:
778 1902 873 1964 neque
891 1887 992 1947 tanim
1008 1886 1102 1965 prius

90 1991 122 2034 eo
144 1971 294 2052 peruenit,
323 1990 418 2050 qnam
444 1969 534 2033 illum
560 1988 644 2035 mors
666 1975 844 2052 occupasset.
889 1970 933 2035 Id
953 1972 1018 2053 rapi
1039 1991 1100 2035 om·

89 2060 187 2140 nium,
205 2058 334 2138 quaein
351 2058 416 2121 cito
431 2058 610 2142 pertulerat,
628 2059 825 2124 aduersorum
843 2059 1101 2124 luchcosissimum

89 2147 231 2210 accidisse
255 2150 369 2211 certum
393 2145 520 2210 babetur
546 2167 672 2227 eumque
697 2149 909 2230 maqnitudiue
931 2149 1045 2212 doloris
1066 2150 1101 2212 in

91 2235 236 2299 lauimus
262 2239 291 2298 ct
318 2235 452 2298 lamento
480 2235 593 2298 uictum
620 2236 719 2299 multa
745 2237 847 2300 animi
868 2237 904 2299 de
928 2238 1030 2317 produ
1052 2237 1100 2300 dc-

89 2324 159 2387 iecii
176 2327 357 2405 arquunnto
374 2322 510 2387 edidisse.
545 2322 608 2389 Sed
624 2342 660 2386 ea
677 2325 799 2402 quidem
816 2325 901 2387 uarie
919 2325 1101 2387 traduntur:

89 2412 170 2476 illud
186 2413 266 2475 inter
283 2430 386 2475 omnes
403 2416 532 2488 constat,
553 2415 590 2474 ut
606 2430 700 2492 quam
716 2411 942 2475 decentissimas
959 2412 1102 2490 exequias

90 2502 118 2564 ei
144 2501 274 2582 ducaei,
303 2499 437 2564 noluisse
461 2498 633 2563 Ecbatanis
663 2499 797 2580 sepeliri,
829 2498 882 2562 sed
902 2497 1102 2581 Babylonem

90 2609 148 2668 qno
166 2589 231 2669 ipse
247 2606 440 2651 concessurus
458 2591 535 2667 erat,
555 2606 576 2649 a
594 2585 741 2650 Perdicca
758 2586 872 2665 deferri
889 2605 1023 2650 onerasse:
1047 2586 1102 2651 ibi·

90 2695 147 2756 que
171 2676 269 2755 funins
295 2675 435 2739 inaudito
462 2671 590 2737 antem
615 2674 748 2756 enemplo
775 2674 932 2739 duodecim
955 2675 1103 2739 talentum

91 2762 216 2826 milibus
243 2762 393 2826 locau'sse.
438 2760 500 2824 Per
521 2761 699 2827 uuiversum
721 2766 798 2827 certe
819 2762 983 2843 imperium
1006 2763 1103 2845 luperi

91 2870 161 2914 eum
186 2849 292 2914 iussit:
324 2853 353 2913 et
372 2869 411 2914 ne
433 2850 582 2914 marcorio
602 2851 667 2915 eius
698 2851 733 2914 iu
764 2852 895 2915 mmoitu
921 2851 1103 2934 molescerct,

91 2938 252 3020 equitibus,
282 2938 352 3018 quis
377 2937 571 3021 praefuerat,
597 2939 720 3003 nullum
736 2939 888 3021 praefecit
907 2941 1025 3022 ducem,
1052 2941 1105 3004 sed

91 3026 329 3108 Hephaestionis
355 3026 440 3089 alam
466 3027 618 3108 appellari
644 3028 740 3092 uoluit
761 3033 802 3111 et,
833 3048 910 3110 quae
937 3028 989 3092 ille
1012 3029 1103 3109 siqua

90 3116 283 3193 instituisset,
311 3134 348 3177 ea
374 3133 437 3178 non
463 3116 632 3179 immutari.
677 3115 838 3181 Funebria
866 3118 1035 3180 bertamina
1058 3117 1103 3180 lu-

91 3205 213 3288 dosque,
244 3203 349 3284 quales
379 3222 548 3284 numquam
578 3204 652 3268 editi
678 3205 822 3289 fuissent,
854 3205 1018 3268 meditatus
1041 3205 1103 3269 trio

91 3291 246 3372 artificum
277 3291 368 3355 milia
399 3291 507 3374 coepit:
538 3293 593 3373 qui
623 3312 686 3356 non
717 3293 813 3358 multo
841 3296 911 3373 post
940 3293 975 3356 in
1005 3293 1103 3373 ipsius

91 3381 226 3461 eaequiis
248 3383 376 3444 certasse
390 3379 543 3459 suuntur.
579 3379 645 3445 Nec
666 3381 760 3444 amici
778 3385 843 3445 mm
864 3379 960 3460 effuso
982 3381 1101 3460 adfectu

90 3469 134 3533 od
158 3468 383 3533 annullandam
409 3469 476 3533 eius
496 3470 634 3550 qratiam
656 3470 785 3551 sepuiter
806 3465 1016 3534 usi'certatim
1035 3489 1101 3550 rep-

85 3576 204 3640 perere,
225 3576 284 3638 pcr
308 3576 386 3639 quae
406 3558 556 3621 memoria
577 3557 713 3636 defuncti
734 3557 848 3622 clarior
870 3557 1102 3633 honoratiorque
