2422 3892
298 151 553 208 HISTORIARUM
569 149 786 205 ALEXANDRI
802 148 854 218 IV,
874 155 915 204 18.
935 155 977 205 le.
1100 147 1143 213 69

136 302 258 382 parent,
280 296 366 361 haud
389 296 505 361 dubius
528 295 599 360 sine
619 317 706 360 noxa
726 297 977 376 transcursuros,
1000 293 1144 358 sinemo

137 407 172 449 se
194 387 382 469 opponeret:
413 384 463 448 sin
485 386 592 448 autem
615 383 684 447 sine
706 383 836 447 fremitu
853 381 1066 463 inmisissent,
1089 402 1143 446 eos

136 473 200 557 ipsi
223 474 360 538 clamore
382 475 541 536 terrerent
562 470 757 555 pavidosque
776 491 875 553 equos
892 470 966 534 telis
984 469 1144 551 utrimque

137 560 338 626 suffoderent.
370 559 432 636 Qui
449 560 599 625 cornibus
617 562 797 642 praeerant,
815 557 983 622 extendere
1002 578 1040 621 ea
1055 557 1144 639 iussi,
1162 575 1197 625 84

135 649 183 713 ita
213 651 250 713 ut
279 669 339 713 nec
370 647 689 730 circumvenirentur,
724 647 752 710 si
783 645 883 710 artius
916 647 1051 727 starent,
1085 665 1145 708 nec

136 740 246 800 tamen
273 737 359 801 ultra
385 735 516 800 modum
543 736 642 799 aciem
670 734 878 798 exinanirent.
922 732 1146 817 Inpedimenta
1163 750 1198 801 et

136 846 208 888 cum
231 824 379 907 captivis,
408 823 493 887 inter
516 844 596 906 quos
618 825 721 886 mater
741 822 897 906 liberique
920 820 1019 885 Darei
1040 823 1145 884 custo-

136 911 317 994 diebantur,
346 911 433 976 haud
462 911 573 994 procul
603 911 670 974 acie
696 911 731 972 in
759 909 844 973 edito
873 909 954 974 colle
977 907 1146 974 constituit

137 1000 262 1063 modico
289 998 449 1081 praesidio
476 999 597 1063 relicto.
641 996 782 1061 Laevum
810 1018 922 1080 cornu,
952 998 1035 1062 sicut
1056 996 1145 1079 alias,

137 1085 345 1150 Parmenioni
366 1085 520 1149 tuendum
545 1085 671 1149 datum:
694 1085 763 1168 ipse
785 1085 820 1147 in
843 1084 953 1149 dextro
976 1085 1092 1148 stabat

224 1170 378 1237 Nondum
408 1173 448 1235 ad
477 1173 596 1237 iactum
624 1172 682 1236 teli
710 1175 934 1254 pervenerant,
962 1193 1034 1236 cum
1061 1171 1146 1235 Bion
1164 1192 1199 1241 36

138 1259 269 1343 quidam
290 1259 476 1344 transfuga,
498 1262 620 1343 quanto
643 1259 782 1323 maximo
805 1280 901 1324 cursu
923 1260 1082 1342 potuerat,
1105 1259 1146 1322 ad

136 1367 244 1431 regem
276 1348 423 1430 pervenit
453 1348 621 1429 nuntiam,
653 1347 789 1411 murices
818 1346 938 1410 ferreos
965 1345 1000 1410 in
1026 1349 1147 1410 terram

136 1435 294 1500 defodisse
313 1433 463 1518 Dareum,
486 1457 550 1519 qua
571 1435 697 1499 hostem
720 1434 841 1517 equites
865 1435 1055 1499 emissurum
1076 1455 1146 1499 esse

136 1523 293 1605 credebat,
315 1527 527 1607 notatumque
551 1525 638 1587 certo
662 1523 755 1607 signo
777 1522 891 1606 locum,
913 1525 951 1586 ut
973 1521 1060 1586 fraus
1082 1523 1145 1586 evi·
1177 1531 1186 1540 ‘

135 1612 198 1674 tari
230 1633 249 1674 a
282 1611 348 1674 suis
379 1615 497 1694 posset
542 1609 717 1674 Adservari
743 1610 913 1694 transfuga
939 1610 1026 1674 iusso
1050 1609 1145 1675 duces
1163 1623 1194 1679 31

136 1700 306 1762 convocat:
339 1699 558 1783 expositoque,
588 1697 673 1782 quod
702 1698 886 1762 nuntiatum
914 1700 995 1779 erat,
1026 1701 1145 1781 monet,

137 1789 174 1848 ut
203 1785 369 1869 regionem
398 1788 612 1850 monstratam
644 1785 805 1850 declinent
834 1786 1036 1868 equitemque
1063 1785 1145 1866 peri·

137 1872 243 1936 culum
266 1872 428 1937 edoceant.

84 1959 126 2023 52
226 1958 373 2025 Ceterum
391 1961 575 2025 hortantem
593 1961 749 2025 exercitus
768 1959 916 2024 exaudire
934 1980 1001 2023 non
1019 1963 1147 2043 poterat
1164 1981 1199 2032 38

135 2070 229 2113 usum
257 2049 382 2112 aurium
408 2047 630 2132 intercipiente
656 2047 786 2112 fremitu
813 2047 948 2112 duorum
971 2047 1146 2133 agminum.

137 2134 198 2199 Sed
224 2137 260 2200 irc
287 2139 459 2219 conspectu
485 2136 629 2201 omnium
656 2135 750 2201 duces
778 2138 811 2200 ct
834 2137 1015 2219 proximum
1038 2158 1144 2221 quem-

138 2244 198 2307 que
220 2223 450 2306 interequitans
474 2223 713 2307 adloquebatur.

547 2379 625 2446 Ore.
647 2380 736 2447 XIV.

226 2483 390 2550 ‘Emensis
422 2485 474 2550 'tot
500 2489 602 2550 terras
630 2486 665 2548 in
692 2507 781 2568 spem
807 2486 976 2570 victoriae,
1012 2487 1050 2551 de
1083 2509 1178 2572 quar

136 2572 352 2637 dimicandum
390 2572 487 2656 foret,
527 2573 589 2637 hoc
629 2594 729 2635 unum
765 2594 930 2654 superesse
966 2573 1145 2640 discrimen

136 2659 310 2722 Granicum
339 2660 391 2723 hic
418 2680 546 2722 amnem
576 2657 766 2742 Ciliciaeque
797 2662 924 2723 montes
957 2664 990 2725 et
1018 2658 1146 2745 Syriam

136 2748 383 2830 Aegyptumque
418 2746 695 2829 praetereuntibus
731 2750 855 2829 raptas,
896 2747 1041 2832 ingentia
1076 2752 1145 2834 spei

135 2833 320 2985 qloriaeque
337 2833 555 2915 incitamenta,
572 2834 738 2898 referebat
767 2833 990 2918 Reprehensos
1009 2858 1048 2901 ex
1065 2838 1145 2924 fuga
1162 2859 1180 2907 a

164 2942 251 2985 ersas
274 2923 484 3005 pugnaturos,
506 2921 581 3005 quia
602 2921 712 3005 fugere
734 2943 801 2987 non
823 2927 962 3007 possent
1001 2924 1145 2991 Tertium

135 3010 201 3073 iam
229 3009 313 3073 diem
339 3012 428 3072 metu
450 3029 624 3094 exangues,
655 3009 751 3074 armis
774 3011 840 3075 suis
863 3016 1012 3077 oneratos
1035 3014 1070 3077 in
1093 3036 1145 3078 eo·

136 3097 208 3161 dem
240 3097 376 3181 vestigio
408 3097 545 3162 haerere.
594 3096 728 3162 Nullum
757 3098 988 3182 desperationis
1016 3102 1144 3166 illorum

136 3185 239 3249 maius
266 3184 420 3250 indicium
448 3206 530 3269 esse,
561 3207 657 3268 quam
685 3186 770 3270 quod
797 3188 905 3271 urbes,
937 3187 1022 3271 quod
1049 3209 1144 3274 agros

137 3294 211 3336 suos
233 3277 376 3355 urerent,
399 3273 553 3358 quidquid
574 3295 641 3338 non
663 3274 888 3358 corrupissent,
910 3275 1053 3341 hostium
1076 3299 1145 3342 esse

136 3359 282 3425 confessi.
326 3359 468 3426 Nomina
494 3361 590 3426 modo
617 3383 703 3426 vana
729 3363 874 3447 gentium
896 3363 1081 3449 ignotarum
1102 3385 1178 3432 nee

136 3447 391 3514 extimescerent:
413 3471 516 3533 neque
536 3449 621 3513 enim
640 3449 680 3512 ad
699 3449 775 3514 belli
791 3449 961 3516 discrimen
976 3453 1144 3536 pertinere,

135 3535 191 3620 qui
214 3535 254 3599 ab
276 3535 316 3600 iis
335 3533 471 3620 Scythae
494 3538 588 3620 quive
607 3534 737 3601 Cadusii
759 3539 1003 3621 appellarentur.
1040 3538 1089 3604 Ob
1110 3539 1143 3603 id
1161 3559 1178 3609 4
