2422 3892
24 128 28 184 f
124 118 188 182 154
393 122 396 127 ’
492 117 524 184 Q.
543 117 652 173 CURTI
669 117 756 172 RUFI

123 283 205 345 sem,
231 261 297 326 alte
320 262 535 326 dissimulatio
559 282 632 325 mea
654 281 831 344 suppurare
854 259 1024 344 potuisset.
1075 258 1140 325 Sed

123 349 225 413 satius
259 353 308 413 est
338 355 494 432 purgatos
527 370 597 413 esse
627 370 724 431 quam
752 351 927 431 suspectos.
978 345 1139 432 Cogitate

122 437 284 501 neminem
307 438 432 502 absolvi
454 458 559 521 posse,
580 437 644 501 nisi
668 436 724 520 qui
746 436 864 501 dixerit
887 456 1027 500 causam.
1078 435 1139 519 Tu,

71 537 104 584 ιο
123 523 277 608 Amynta,
294 525 426 609 ignosce
443 525 537 589 fratri
555 528 620 589 tuo.
652 523 726 590 Erit
743 524 804 589 boe
823 523 1014 606 simpliciter
1032 525 1140 589 etiam

123 612 204 677 mihi
225 613 425 677 reconciliati
447 613 546 677 animi
567 613 617 677 tui
639 611 780 696 pignus'.

212 698 369 766 Contione
383 700 497 766 deinde
512 701 645 764 dimissa
657 699 893 783 Polydamanta
905 699 1015 765 vocari
1031 698 1165 768 iubetl

72 801 103 848 11
124 787 234 873 Longe
253 789 496 872 acceptissimus
515 788 720 853 Parmenioni
743 792 822 873 erat,
844 787 1010 870 proximus
1035 787 1139 853 lateri

124 876 158 938 in
181 876 248 963 acie
271 880 356 941 stare
380 877 508 942 solitus:
536 880 569 940 et
591 898 785 960 quamquam
808 875 1005 940 conscientia
1026 875 1138 943 fretus

71 976 104 1024 12
124 964 159 1026 in
184 965 309 1048 regiam
336 969 477 1049 venerat,
498 968 619 1049 tamen,
648 967 686 1029 ut
710 965 817 1028 iussus
840 968 891 1028 est
912 962 1029 1028 fratres
1056 986 1138 1030 suos

125 1051 273 1117 exhibere
292 1053 462 1118 admodum
480 1053 611 1119 iuvenes
630 1056 663 1117 et
681 1052 750 1137 regi
768 1052 900 1136 ignotos
919 1052 961 1116 ob
980 1055 1140 1135 aetatem,

124 1139 241 1205 fiducia
267 1141 303 1206 in
328 1141 577 1206 sollicitudinem
603 1161 697 1206 uersa
723 1139 883 1224 trepidare
911 1139 1030 1222 coepit,
1066 1162 1140 1207 sae·

123 1228 209 1313 pius,
236 1251 317 1313 quae
343 1250 458 1294 nocere
485 1232 631 1312 possent,
659 1250 755 1313 quam
779 1228 895 1312 quibus
918 1247 954 1292 co
979 1226 1139 1312 eluderet,

71 1328 104 1376 13
124 1321 286 1399 reputans.
330 1317 400 1382 Iam
424 1317 586 1400 armigeri,
609 1316 724 1399 quibus
744 1317 939 1398 imperatum
958 1318 1037 1397 erat,
1060 1337 1139 1399 pro·

124 1403 281 1468 duxerant
304 1426 368 1489 eos,
391 1426 463 1469 cum
487 1424 665 1488 exanguem
687 1406 775 1470 metu
797 1401 1034 1486 Polydamanta
1059 1425 1138 1486 pro·

72 1502 105 1550 14
123 1490 195 1572 pius
210 1491 359 1555 accedere
371 1511 427 1556 rec
440 1492 530 1555 iubet
543 1491 776 1574 summotisque
792 1492 952 1568 omnibus,
970 1488 1137 1576 ‘Scelere’

123 1577 244 1663 inquit,
275 1578 514 1644 ‘Parmenionis
546 1600 657 1644 omnes
687 1578 810 1662 pariter
842 1578 978 1663 adpetiti
1009 1600 1137 1664 sumus,

123 1666 261 1730 maxime
285 1687 345 1752 ego
369 1672 473 1751 actu,
496 1689 576 1750 quos
600 1667 761 1734 amicitiae
779 1667 885 1750 specie
907 1665 1034 1731 fefellit
1080 1667 1137 1733 Ad

124 1774 219 1837 quem
240 1755 494 1840 persequendum
517 1755 840 1840 puniendumque-
863 1754 949 1839 vide,
973 1759 1137 1838 quantum

72 1855 104 1902 15
124 1842 198 1907 fidei
214 1847 290 1908 tuae
309 1845 445 1927 credam,
470 1880 507 1890 -
532 1848 566 1908 te
588 1845 737 1909 ministro
759 1843 808 1908 uti
832 1843 938 1908 statui.
984 1841 1138 1928 Obsides,

124 1929 200 1995 dum
230 1930 294 1996 hoc
324 1933 466 2016 peragis,
498 1935 591 1996 erunt
619 1931 738 1997 fratres
766 1932 823 1996 tui.
866 1930 1075 1996 Proficiscere
1099 1933 1138 1999 in

123 2017 263 2082 Mediam
290 2023 323 2083 et
346 2020 387 2083 ad
408 2019 588 2101 praefectos
610 2040 699 2084 meos
721 2020 848 2084 litteras
872 2019 1010 2101 scriptas
1032 2040 1136 2086 manu

123 2127 196 2169 mea
208 2105 324 2188 perfer.
359 2106 541 2171 Velocitate
556 2128 636 2189 opus
651 2111 709 2189 est,
728 2129 792 2191 qua
810 2107 1009 2171 celeritatem
1024 2107 1138 2186 fabrae

124 2193 301 2258 antecedas
345 2194 454 2264 Noctu
477 2195 642 2277 pervenire
664 2195 741 2259 illuc
763 2199 796 2258 te
815 2195 898 2277 volo,
919 2198 1050 2278 postero
1071 2197 1141 2282 die,

71 2293 104 2344 16
125 2304 204 2366 quae
233 2282 355 2365 scripta
376 2287 489 2366 erunt,
517 2283 640 2366 exequi.
684 2282 736 2346 Ad
758 2281 975 2348 Parmeniona
1002 2304 1136 2369 quoque

123 2371 277 2455 epistolas
299 2370 397 2455 feres,
418 2393 517 2436 unam
540 2393 559 2435 a
581 2392 645 2453 me,
669 2370 806 2435 alteram
829 2370 976 2437 Philotae
998 2374 1135 2439 nomine

123 2460 284 2543 scriptam.
325 2457 460 2543 Signum
479 2459 568 2525 anuli
585 2459 654 2523 eius
672 2458 707 2522 in
725 2479 798 2522 mea
815 2462 977 2542 potestate
996 2463 1053 2524 est.
1098 2461 1135 2528 si

121 2552 214 2631 pater
241 2548 348 2613 credet
375 2570 395 2612 a
416 2548 485 2614 filio
507 2549 702 2630 inpressum,
731 2567 802 2611 eum
829 2549 864 2611 te
890 2547 1020 2631 viderit,
1046 2549 1135 2615 nihil

69 2646 103 2694 17
122 2636 265 2701 metuet'.
313 2634 509 2719 Polydamas
540 2639 631 2700 tanto
663 2635 818 2700 liberatus
850 2639 938 2716 metu
965 2636 1166 2718 inpensiuass

123 2725 231 2808 etiam,
250 2746 347 2808 quam
366 2724 565 2808 exigebatur,
582 2723 745 2807 promittit
759 2744 889 2806 operam
905 2722 1133 2790 conlaudatus·

123 2833 184 2893 que
208 2815 241 2875 et
262 2812 431 2894 promissis
455 2817 605 2877 oneratus
629 2811 776 2894 deposita
796 2814 895 2893 veste,
918 2832 1015 2894 quarn
1033 2811 1135 2879 habe-

70 2909 102 2956 rs
122 2898 188 2980 bat,
209 2897 350 2962 Arabica
375 2899 527 2964 induitur.
570 2899 643 2967 Duo
666 2899 805 2981 Arabes,
833 2920 968 2982 quorum
994 2900 1134 2967 interim

122 2987 274 3069 coniuges
297 3007 334 3049 ac
357 2985 452 3049 liberi
478 2987 640 3051 vinculum
662 2986 737 3050 fidei
759 2986 887 3051 obsides
911 2982 996 3071 apud
1018 3007 1134 3071 regem

122 3080 226 3159 erant,
249 3074 317 3148 dati
340 3074 484 3138 comites.
528 3073 590 3138 Per
613 3074 740 3138 deserta
763 3074 862 3138 etiam
885 3076 926 3139 ob
950 3075 1135 3145 siccitatem

122 3163 193 3227 loca
225 3162 356 3227 camelis
385 3161 552 3226 undecimo
580 3161 646 3246 die,
679 3170 742 3245 quo
774 3161 1027 3245 destinaverant,
1058 3186 1134 3246 per·

68 3259 102 3308 ra
122 3251 261 3314 veniunt.
306 3249 352 3316 Et
382 3251 569 3334 priusquam
601 3250 703 3332 ipsius
734 3250 937 3314 nuntiaretur
964 3251 1134 3337 adventus,

121 3359 231 3401 rursus
259 3337 455 3420 Polydamas
487 3342 610 3402 vestem
636 3336 875 3401 Macedonicam
908 3339 1008 3404 sumit
1035 3343 1068 3403 et
1095 3341 1134 3407 in

121 3426 363 3490 tabernaculum
392 3424 544 3490 Cleandri
568 3462 606 3472 -
632 3427 763 3508 praetor
786 3423 839 3489 hic
861 3427 971 3509 regius
994 3429 1063 3490 erat
1085 3462 1134 3476 —-

63 3524 102 3572 20
119 3517 235 3598 quarta
257 3512 372 3599 vigilia
392 3514 549 3601 pervenit.
593 3511 740 3579 Redditis
768 3511 883 3578 deinde
910 3515 1029 3579 litteris
1056 3536 1134 3582 con·
