2422 3892
250 121 502 179 msuomnaon
521 122 735 177 mansuum
752 123 803 193 1v,
823 129 864 178 14.
887 128 928 180 1⁶.
1055 122 1096 187 73

88 271 126 334 ut
151 266 351 354 Massagetas
379 267 502 354 equites
530 267 566 331 in
583 267 718 333 laevum
745 265 922 332 Alexandri
949 288 1048 332 cornu
1074 289 1096 334 a

87 357 187 421 latere
209 357 319 421 invehi
340 356 472 421 iuberet.
508 354 582 439 lpse
605 359 679 420 ante
703 376 736 420 se
752 355 888 420 falcatos
911 377 1022 422 currus
1039 356 1129 424 has

88 445 198 527 bebat,
230 466 310 529 quos
341 445 434 529 signo
465 443 540 508 dato
570 443 736 508 universos
763 444 798 508 in
824 444 953 510 hostem
975 443 1095 509 effudit.

88 531 240 597 Ruebant
264 533 379 597 laxatis
403 532 538 596 habenis
562 532 704 618 aurigae,
736 553 799 617 quo
822 533 929 616 plures
951 532 1095 597 nondum

89 621 168 684 satis
198 622 326 704 proviso
358 621 479 704 impetu
511 620 702 685 obtererent.
754 620 846 684 Alios
876 641 953 706 ergo
982 620 1130 686 hastael

88 709 225 773 multum
255 710 340 773 ultra
370 712 533 774 temonem
562 709 751 792 eminentes,
783 709 863 773 alios
890 709 932 774 ab
958 713 1095 793 utroque

87 797 186 861 latere
213 797 370 862 demissae
398 797 497 861 falces
521 797 709 861 laceravere.
754 794 823 861 Nec
849 797 969 862 sensim
991 797 1095 863 Mace·

88 884 186 949 dones
213 886 381 968 cedebant,
414 885 468 950 sed
496 884 596 949 effusa
622 883 701 968 fuga
726 885 936 949 turbaverant
958 885 1095 950 ordines.

69 972 236 1038 Mazaeus
264 994 390 1057 quoque
416 973 570 1056 perculsis
596 975 719 1036 metum
740 972 876 1037 incussit
897 973 984 1037 mille
1007 975 1129 1059 equi-o

86 1061 173 1124 tibus
197 1061 237 1124 ad
261 1060 438 1143 diripienda
459 1060 562 1124 hostis
584 1059 802 1143 inpedimenta
822 1061 1013 1126 circumvehi
1031 1064 1094 1126 ius·

87 1148 132 1211 sis
138 1197 148 1231 ,
176 1149 279 1230 ratus,
307 1147 451 1231 captivos
473 1168 612 1232 quoque,
639 1148 694 1230 qui
717 1148 812 1211 simul
835 1147 1095 1234 adservabantur,

86 1237 238 1317 rupturos
260 1234 399 1318 vincula,
421 1255 493 1300 cum
517 1256 592 1299 suos
615 1235 908 1320 adpropinquantes
931 1235 1095 1303 vidissent

85 1322 163 1387 Non
190 1322 347 1387 fefellerat
368 1321 627 1405 Parmenionem,
655 1323 709 1407 qui
735 1323 771 1387 in
792 1323 884 1388 laevo
908 1326 991 1388 erat:
1022 1341 1130 1408 pro-o

85 1432 161 1494 pere
178 1411 278 1495 igitur
291 1409 531 1494 Polydamanta
542 1411 651 1494 mittit,
670 1411 725 1495 qui
744 1413 777 1474 et
793 1410 970 1494 periculum
989 1415 1094 1477 osten-

86 1499 175 1563 deret
196 1501 237 1583 et,
260 1498 337 1583 quid
358 1499 428 1564 fieri
450 1499 575 1563 iuberet
595 1519 658 1582 rac,
681 1499 870 1564 consuleret.
901 1498 961 1563 Ille
985 1500 1129 1566 auditos

84 1586 329 1671 Polydamante,
361 1586 450 1670 ‘Aba
481 1584 621 1670 nuntia',
652 1587 771 1671 inquit,
803 1585 1035 1673 Parmenioni,
1067 1591 1095 1654 si

86 1676 153 1739 acie
179 1675 362 1758 vicerimus,
394 1696 461 1740 non
485 1678 598 1739 nostra
624 1675 729 1739 solum
755 1697 815 1740 nos
842 1679 1095 1761 recuperaturos,

86 1763 143 1827 sed
165 1763 274 1845 etiam,
302 1783 383 1847 quae
410 1763 552 1827 hostium
579 1765 667 1846 sunt,
693 1765 913 1846 occupaturos.
956 1762 1130 1829 Proindes

85 1854 233 1933 nonest,
256 1851 341 1934 quod
365 1851 534 1935 quicquam
556 1850 671 1915 virium
695 1851 851 1915 subducat
874 1872 912 1915 ex
931 1852 1006 1935 acie,
1030 1852 1094 1936 sed,

85 1942 123 2002 ut
145 1960 195 2003 me
219 1945 252 2002 et
277 1937 427 2022 Philippo
450 1940 541 2021 patre
569 1938 702 2023 dignum
731 1942 793 2021 est,
821 1942 1004 2023 contempto
1028 1962 1093 2004 sar-

85 2027 228 2092 cinarum
254 2026 370 2091 damno
393 2026 520 2091 fortiter
543 2025 691 2091 dimicet?
736 2026 871 2091 Interim
894 2027 1024 2092 barbari
1045 2029 1093 2093 in·
1113 2045 1129 2094 9

85 2115 269 2197 pedimenta
302 2115 512 2180 turbaverant
542 2114 704 2198 caesisque
735 2115 895 2199 plerisque
926 2116 1094 2181 custodum

86 2203 205 2284 captivi
227 2203 362 2267 vinculis
383 2204 501 2286 ruptis,
524 2202 678 2287 quidquid
701 2203 831 2267 obvium
854 2207 935 2282 erat,
959 2226 1022 2288 quo
1046 2228 1095 2269 ar·

86 2290 170 2352 mari
191 2293 332 2375 possent,
355 2292 513 2374 arripiunt
535 2294 568 2354 et
590 2290 758 2375 adgregati
780 2313 910 2356 suorum
933 2292 1094 2376 equitibus

86 2376 279 2443 Macedonas
297 2379 431 2462 ancipiti
449 2380 681 2443 sucumventos
699 2380 784 2444 malo
803 2379 967 2443 invadunt.
994 2378 1095 2462 Laeti,
1114 2395 1147 2446 lo

87 2466 142 2549 qui
169 2466 254 2532 circa
281 2464 488 2552 Sisigambim
515 2470 620 2550 erant,
650 2467 765 2530 vicisse
787 2465 942 2549 Dareum,
971 2467 1096 2549 ingenti

84 2554 180 2619 caede
215 2559 392 2638 prostratos
429 2555 552 2636 hostes,
589 2554 629 2618 ad
664 2553 813 2617 ultimum
845 2553 942 2617 etiam
973 2553 1095 2635 inpedi-

84 2642 204 2706 mentis
228 2645 341 2705 exutos
364 2662 432 2705 esse
454 2641 615 2722 nuntiant,
638 2641 755 2723 quippe
779 2640 912 2704 eandem
932 2641 1096 2706 fortunam

83 2729 205 2810 ubique
232 2749 302 2793 esse
329 2728 502 2792 credebant
528 2731 561 2791 et
582 2728 719 2791 victores
741 2725 857 2792 Persas
881 2727 921 2791 ad
943 2728 1095 2811 praedam

85 2815 282 2880 discurrisse.
318 2812 507 2899 Sisigambis
521 2815 726 2880 hortantibus
740 2814 885 2899 captivis,
902 2819 939 2880 ut
952 2817 1095 2882 animum
1116 2833 1146 2882 11

85 2927 106 2968 a
128 2924 272 2968 maerore
295 2902 469 2988 adlevaret,
500 2903 535 2967 in
563 2903 686 2986 eodem,
719 2925 781 2987 quo
805 2906 900 2968 antea
920 2904 996 2984 fuit,
1023 2927 1095 2990 per-

86 2991 252 3056 severavit.
303 2990 380 3056 Non
412 3013 475 3056 vox
505 2992 572 3056 ulla
600 2991 716 3056 excidit
742 2992 784 3076 ei,
815 3013 883 3058 non
910 2994 975 3058 oris
1007 2995 1095 3059 color

84 3080 232 3145 vultusve
254 3083 399 3145 mutatus
422 3082 482 3144 est:
515 3080 598 3144 sedit
619 3080 782 3145 inmobilis
806 3116 849 3127 —
873 3080 980 3163 credo,
1004 3102 1094 3165 prae-

86 3169 180 3251 coqui
212 3168 328 3253 gaudio
359 3169 462 3233 verita
493 3168 625 3233 inritare
656 3168 820 3234 fortunam
849 3205 907 3252 —,
940 3169 1018 3233 adeo
1050 3173 1095 3253 ut,

86 3255 162 3338 quid
191 3257 316 3340 mallet,
343 3257 542 3322 intuentibus
570 3278 641 3321 eam
668 3257 766 3321 fuerit
791 3257 957 3321 incertum.
1006 3255 1096 3321 Inter
1114 3274 1147 3322 12

84 3343 165 3407 haec
178 3343 334 3428 Menidas,
352 3345 533 3428 praefectus
546 3345 689 3430 equitum
698 3343 883 3429 Alexandri,
898 3366 970 3410 cum
983 3346 1094 3428 paucis

85 3431 200 3496 turmis
224 3454 317 3516 opem
340 3433 566 3517 inpedimentis
589 3434 712 3497 laturus
735 3432 911 3498 advenerat
932 3470 975 3480 -
995 3433 1095 3497 incer·

84 3523 155 3583 tum
179 3542 279 3585 suone
302 3521 436 3585 consilio
460 3543 503 3585 an
524 3522 610 3604 regis
633 3521 768 3603 imperio
783 3557 826 3568 -
841 3520 896 3586 sed
914 3542 982 3586 non
1001 3520 1094 3585 susti·
