2422 3892
305 157 559 231 meconium
576 175 792 231 ιιιιιιιιιιιι
810 176 848 245 v,
867 183 892 232 a.
910 184 936 232 ι.
1089 177 1131 240 91
1172 181 1182 201 ·

123 318 265 384 rentium
288 319 407 384 evolvit
428 319 464 384 in
485 319 630 384 Medum:
661 319 774 385 Medus
799 320 854 402 [ad
876 322 978 402 marc]
1004 320 1045 385 ad
1067 342 1132 385 me·

124 406 239 470 ridicm
264 427 442 472 versus-
465 408 572 473 minor
600 408 706 473 amnis
735 429 787 491 eo,
819 430 914 492 quem
942 409 1067 491 accepit
1089 445 1131 456 -

125 494 284 559 evehitur:
315 495 558 580 gignendaeque
586 496 706 560 herbae
732 518 801 562 non
829 497 911 560 alius
938 501 990 561 est
1015 496 1167 580 aptior,8

127 581 280 666 quidquid
306 583 421 666 adluit,
450 583 582 648 floribus
604 584 754 648 vestiens.
798 582 928 648 Platani
951 605 1077 668 quoque
1100 589 1133 649 et

125 670 236 753 populi
258 673 436 755 contegunt
456 672 558 754 ripas,
584 671 632 735 ita
658 674 695 736 ut
720 673 833 755 procul
854 672 1034 737 visentibus
1058 692 1132 736 con·

125 757 252 822 tinuaia
277 758 448 823 videantur
469 757 635 824 montibus
657 780 790 824 nemora
810 760 963 843 riparum.
1008 760 1132 844 Quippe

125 845 337 910 obumbratus
364 846 468 910 amnis
496 868 609 930 presso
640 847 675 910 in
707 848 812 912 solum
844 849 935 913 alveo
963 848 1132 931 delabitur,

124 932 346 1017 inminentque
374 934 486 1018 colles,
516 934 579 1018 ipsi
612 955 739 1019 quoque
765 935 934 1000 frondibus
961 936 1051 1020 laeti,
1082 957 1132 999 ra-

125 1019 211 1086 dices
239 1042 351 1085 eorum
376 1020 510 1086 humore
537 1023 703 1086 subeunte.
747 1021 850 1106 Regio
876 1044 944 1088 non
971 1024 1035 1088 alia
1060 1026 1167 1090 totae

124 1106 207 1172 Asia
228 1108 388 1172 salubrior
409 1108 560 1174 habetur:
591 1112 753 1192 temperat
774 1109 897 1174 caelum
918 1110 995 1175 hinc
1020 1133 1132 1194 perpe-

124 1196 248 1258 tuum
238 1214 350 1280 rugum
373 1217 510 1278 opacum
532 1200 565 1261 et
586 1197 781 1279 umbrosum,
804 1196 889 1279 quod
911 1200 980 1261 aest
980 1220 1019 1262 us
1038 1200 1133 1281 levat,

125 1282 215 1346 illinc
250 1303 340 1346 marc
371 1283 568 1367 adiunctum,
610 1284 695 1368 quod
730 1284 856 1348 modico
886 1286 998 1367 tepore
1028 1288 1132 1349 terras

74 1368 221 1435 14fovet.
270 1368 332 1435 His
368 1372 513 1454 captivus
550 1372 703 1455 expositis
737 1372 956 1456 interrogatus
993 1394 1013 1436 a
1047 1392 1185 1456 rege,1o

124 1458 277 1523 auditune
313 1480 356 1523 an
391 1459 492 1524 oculis
523 1464 678 1543 conperta
707 1460 855 1542 haberet,
892 1481 973 1544 quae
1005 1460 1133 1543 diceret,

123 1550 287 1629 pastorem
309 1569 344 1611 se
366 1546 465 1611 firisse
488 1550 521 1611 et
543 1569 654 1612 omnes
676 1568 731 1612 eas
754 1548 850 1612 calles
873 1548 1067 1630 percurrisse
1084 1569 1132 1611 re-

59 1645 61 1649 ’
125 1635 267 1716 spondit:
296 1634 348 1697 bis
370 1638 514 1718 captum,
536 1636 635 1698 semel
657 1634 800 1699 aPersis
822 1634 858 1698 in
879 1634 992 1717 Lycia,
1014 1636 1132 1698 iterum

126 1721 270 1803 abipso
309 1718 404 1784 Subit
425 1722 568 1785 animum
589 1722 675 1804 regis
698 1721 852 1785 memoria
875 1722 1004 1785 oraculo
1027 1720 1131 1785 editae
1152 1741 1184 1788 ιι

127 1808 238 1871 sortis:
271 1807 390 1890 quippe
421 1809 601 1873 consulenti
628 1829 817 1908 responsum
845 1812 926 1891 crat,
958 1808 1107 1870 ducem
1097 1830 1133 1871 ιιι

125 1892 290 1960 Persidem
311 1893 444 1976 ferentis
466 1894 537 1958 viae
551 1894 688 1977 Lycium
709 1896 811 1958 civem
828 1895 905 1958 fore.
936 1895 1041 1978 I'gitur
1060 1916 1133 1977 pro·
1154 1916 1184 1963 ιι

125 1982 247 2065 missis,
265 1984 388 2064 quanta
405 1985 438 2045 et
454 2003 608 2069 praesens
625 1982 801 2047 necessitas
819 1981 968 2065 exigebat
987 1982 1041 2045 et
1031 1983 1132 2064 rpsius

124 2069 257 2134 fortuna
259 2069 443 2220 tcapiebat,
474 2073 643 2134 oneratum
670 2069 788 2133 armari
809 2069 900 2134 iubet
920 2069 1133 2135 Macedonum

125 2178 214 2221 more
241 2159 274 2221 et
277 2206 287 2240 ,
312 2156 398 2240 quod
419 2148 502 2222 bene
523 2160 673 2254 perteret,
699 2160 880 2222 monstrare
902 2157 965 2223 iter
987 2158 1133 2241 quamvis

126 2244 260 2308 arduum
291 2247 324 2308 et
354 2265 519 2328 praeceps:
555 2267 724 2309 evasurum
755 2267 789 2310 se
816 2266 885 2310 esse
913 2267 986 2309 cum
1011 2247 1132 2329 paucis,

107 2333 188 2397 ‘nisi
210 2333 294 2397 forte
317 2332 552 2416 crederetque
573 2334 642 2417 ipse
664 2334 789 2416 pecoris
809 2354 907 2397 causa
928 2333 1016 2415 isset,
1037 2332 1140 2415 Alex-

125 2421 261 2485 andrum
287 2442 347 2504 pro
375 2421 479 2506 gloria
505 2423 538 2485 et
564 2424 719 2504 perpetua
744 2419 874 2484 laude
865 2441 912 2482 ire
937 2440 1005 2482 non
1027 2440 1132 2502 posse.

124 2507 234 2573 Etiam
257 2511 354 2609 atquc
377 2508 475 2571 etiam
498 2507 610 2572 docere
633 2508 787 2590 captivus,
810 2528 907 2589 quam
926 2506 1053 2569 difficile
1071 2506 1132 2569 iter
1152 2526 1185 2574 13

124 2600 223 2679 esset,
249 2597 387 2659 maxime
410 2595 551 2658 armatis.
595 2595 677 2666 Tum
699 2615 769 2676 rex,
797 2591 984 2656 Praedem'
985 2593 1133 2676 ,inquit

125 2681 188 2746 me
211 2682 320 2764 accipe
342 2681 505 2745 nemiuem
526 2702 651 2763 eorum,
678 2681 733 2764 qui
756 2680 944 2763 sequuntur,
969 2683 1133 2745 recusatu-

125 2789 198 2831 rum
228 2768 288 2850 ire,
320 2789 384 2850 qua
415 2766 535 2831 duces'
588 2730 721 2832 Ordtero
752 2768 853 2852 igitur
884 2767 925 2831 ad
954 2767 1132 2832 custodiam
1152 2788 1185 2838 ιι

126 2858 306 2934 castrorum
346 2855 458 2919 relicto
494 2876 567 2919 cum
601 2854 780 2938 peditibus,
821 2854 893 2939 quis
936 2854 1133 2941 adsueverat,
1168 2872 1170 2874 ·

126 2946 159 3008 et
189 2943 230 3008 iis
262 2943 375 3026 copiis,
410 2964 490 3027 quas
518 2943 680 3026 Meleager
711 2942 860 3026 ducebat,
892 2945 925 3008 et
956 2945 1132 3028 sagittariis

125 3034 213 3116 equ1t
190 3032 339 3096 'tibusn
312 3049 351 3115 ιι,
378 3031 547 3132 praecipit,
576 3034 613 3097 ut
644 3034 823 3097 castrorum
854 3031 958 3115 specie
980 3035 1133 3096 manente

123 3121 232 3204 plures
256 3119 294 3184 de
316 3119 502 3183 industria'
492 3140 584 3204 rgnes
602 3119 672 3185 fieri
691 3120 832 3204 imperet,
855 3141 918 3202 quo
937 3121 1041 3203 magis
1059 3120 1132 3184 bar·

124 3209 195 3272 bari
222 3207 392 3273 credant
382 3229 488 3291 rpsum
514 3228 624 3293 regem
650 3207 686 3270 in
713 3207 828 3272 castris
851 3229 928 3271 esse.
973 3204 1131 3291 Ceterum,
1152 3227 1185 3276 ιι

126 3297 154 3359 si
188 3296 273 3361 forte
307 3295 543 3360 Ariobarzanes
579 3296 785 3380 cognovisset
819 3316 877 3378 per
913 3295 1041 3359 callium
1075 3317 1132 3360 arr·

125 3382 247 3449 fractus
268 3405 300 3448 se
320 3384 449 3462 intrare
465 3387 498 3448 et
518 3384 559 3448 ad
577 3383 799 3466 occupandum
816 3383 878 3446 iter
896 3404 990 3447 suum
1007 3388 1132 3467 partem

124 3471 288 3554 copiarum
318 3474 507 3555 temptasset
538 3492 722 3555 opponere,
746 3468 900 3536 Craterus
932 3492 1014 3532 euru
1032 3472 1144 3530 iidata
1158 3488 1202 3528 ss

124 3561 245 3622 terrore
270 3559 437 3648 retineret,
457 3559 512 3626 ed
540 3561 679 3649 propius
705 3559 899 3647 periculum
924 3563 1179 3617 conuersum.
