2422 3892
133 138 200 204 212
508 150 540 217 Q.
560 151 669 211 CURTI
686 159 773 216 RUFI

132 284 294 372 collesque
320 299 529 385 resonabant,
559 318 634 363 cum
662 308 734 369 orta
756 306 890 376 licentia
914 318 1094 404 apaueis,
1118 326 1161 388 nt

75 380 112 429 ,17
130 370 197 471 lere
220 377 266 461 fit,
287 380 321 444 in
344 403 455 450 omnes
479 409 513 452 se
536 392 671 473 repente
693 392 868 478 vulgasset.
910 399 1043 487 Quippe
1058 409 1159 477 velut

128 481 163 524 1n
185 465 290 531 media
311 492 391 553 pace
413 494 471 556 per
492 475 612 543 herbas
637 478 868 569 adgestamque
895 488 1045 557 frondem
1074 518 1154 580 pro·

121 553 270 618 stravere
289 577 432 642 corpora.
467 562 512 627 Et
529 586 585 631 rex
602 567 774 633 fortuitam
792 571 949 641 laetitiam
967 599 1035 645 non
1054 604 1152 650 aver·

127 643 217 739 satus
246 643 336 728 large
364 648 404 711 ad
434 652 545 734 epulas
574 654 725 721 omnibus
752 660 913 741 praebitis
936 686 997 748 per
1023 685 1048 733 x
1077 671 1155 739 dies·

58 724 244 831 :18L1bero
267 731 357 797 Patri
381 742 548 842 operatum
571 741 895 845 habuitexercitum.
940 751 1021 829 Quis
1043 766 1152 844 neget

124 827 746 1005 tt}ttlttttttltttutttts
767 833 938 1004 titt
952 861 1149 1012 {tiit

124 995 249 1074 soprtos
280 1017 370 1064 mero
403 1001 536 1087 adgredi
568 1027 666 1072 ausus
694 1011 745 1072 est
776 1008 896 1095 hostis,
926 1013 1015 1080 haud
1046 1042 1152 1088 secus

102 1079 349 1151 bacchantium
372 1089 629 1176 adulantiumque
651 1094 784 1160 fremitu
808 1102 1013 1187 perterritus,
1041 1127 1147 1190 quam

122 1167 149 1233 si
168 1172 398 1252 proeliantium
422 1180 545 1245 elamor
565 1186 651 1247 esset
670 1183 808 1249 auditus.
853 1185 977 1253 llladem
996 1190 1152 1263 felicitas-

108 1256 165 1321 ·'eb
179 1257 308 1331 Oceano
326 1270 524 1333 revertentes
542 1269 739 1336 temulentos
754 1273 1030 1360 comissantesque
1049 1280 1147 1349 inter

123 1371 180 1420 cru
202 1352 347 1421 hostium
369 1357 460 1420 texit.

71 1453 104 1505 19
211 1443 298 1509 Hinc
329 1443 369 1508 ad
394 1444 574 1527 regionem,
606 1467 687 1528 quae
714 1445 863 1513 Daedala
886 1453 1034 1536 vocatur,
1066 1463 1205 1540 per-3⁹(

122 1539 256 1599 rentum
279 1535 338 1597 est.
376 1529 593 1596 Deseruerant
610 1532 737 1597 incolae
756 1535 852 1600 sedes
867 1540 902 1600 et
919 1538 953 1602 in
972 1539 1075 1606 arios-
1088 1545 1146 1609 sil·

124 1625 311 1705 vestresque
328 1622 455 1684 montes
474 1620 694 1704 confugerant.
739 1620 829 1705 Ergo
847 1622 989 1689 Acadira
1014 1630 1145 1697 transit

49 1738 52 1745 ·
70 1724 111 1774 ac
126 1732 223 1796 aeque
241 1713 316 1775 usta
333 1713 368 1773 et
385 1708 540 1774 destituta
557 1708 766 1774 incolentium
783 1709 876 1794 fuga
902 1710 1018 1795 Itaque
1035 1719 1144 1785 ratio·

124 1822 198 1865 nem
232 1798 310 1864 belli
346 1797 522 1864 necessitas
558 1798 705 1863 mutavit.
758 1796 882 1863 Divisis
913 1799 1000 1863 enim
1031 1806 1144 1889 copiis

125 1889 269 1972 pluribus
298 1887 393 1951 simul
419 1886 500 1951 locis
528 1906 618 1950 arma
641 1884 796 1969 ostendit,
823 1887 1056 1973 oppressique,
1083 1893 1145 1959 ubi

125 1998 190 2041 non
213 1976 461 2058 expectaverant
482 1973 623 2056 hostem,
642 1973 730 2037 omni
748 1973 838 2038 clade
856 1974 1035 2057 perdomiti
1051 1985 1151 2051 sunt·-

72 2077 105 2126 21
125 2062 329 2127 Ptolemaeus
350 2062 506 2144 plurimas
525 2061 633 2142 urbes,
656 2060 839 2126 Alexander
858 2063 1018 2128 maximas
1035 2069 1149 2151 cepit:-

73 2165 107 2213 xx
126 2171 314 2233 rursusque,
337 2170 416 2232 quas
439 2147 660 2232 distribuerat,
683 2149 792 2232 copias
814 2149 929 2216 iunxit
975 2147 1144 2236 Superato

125 2238 238 2304 deinde
261 2235 408 2320 Choaspe
431 2257 525 2302 amne
545 2232 675 2302 Coenon
696 2237 730 2301 in
753 2237 920 2302 obsidione
942 2237 1033 2303 urbis
1058 2262 1144 2397 ‹ffu-

126 2330 233 2393 lentae
255 2362 291 2373 -
312 2325 409 2390 Beira
425 2324 550 2390 incolae
568 2327 685 2390 vocant
699 2361 740 2372 -
754 2325 898 2409 reliquit:
915 2325 987 2408 ipse
1005 2326 1045 2391 ad
1108 2353 1144 2396 a·

127 2437 224 2500 sagas
255 2415 351 2480 venit.
396 2412 508 2497 Nuper
533 2412 712 2496 Assacano,
740 2412 830 2477 cuius
855 2433 991 2498 regnum
1019 2414 1148 2505 fuerat,

128 2505 295 2569 demortuo
314 2503 440 2586 regioni
454 2501 590 2585 urbique
603 2504 751 2584 praeerat
767 2503 871 2565 mater
890 2501 958 2567 eius
972 2497 1147 2658 Cleophis.

75 2608 109 2655 rt
128 2611 263 2658 xxxvrn
282 2592 372 2657 milia
388 2590 533 2676 peditum
546 2590 722 2654 tuebantur
734 2588 847 2653 urbem
860 2610 926 2654 non
941 2589 1007 2655 situ
1021 2612 1059 2657 so
1075 2616 1146 2681 um,

126 2682 184 2746 sed
203 2682 300 2745 etiam
320 2700 417 2763 opere
435 2679 601 2742 munitam.
640 2675 725 2741 Nam
745 2698 808 2760 qua
826 2681 952 2761 spectet
969 2678 1145 2769 orientem,

129 2770 269 2851 cingitur
292 2788 386 2831 amne
408 2766 559 2849 torrenti,
587 2765 642 2848 qui
663 2765 847 2849 praeruptis
869 2767 1033 2850 utrimque
1056 2771 1145 2856 ripis

77 2870 111 2918 24
131 2857 254 2921 aditum
277 2855 318 2918 ad
341 2853 452 2918 urbem
475 2852 607 2937 inpedit.
651 2852 703 2917 Ad
726 2854 923 2918 occidentem
943 2859 976 2920 et
998 2877 1019 2920 a
1041 2861 1145 2927 rneri-

129 2945 181 3009 die
204 2943 291 3008 velut
314 2942 353 3006 de
370 2941 529 3005 industria
547 2962 642 3024 rupes
661 2942 823 3025 praealtas
843 2943 1002 3009 obmolita
1018 2951 1145 3016 natura

130 3036 193 3115 est,
219 3030 304 3097 infra
327 3051 406 3114 quas
429 3051 583 3095 cavernae
606 3033 640 3095 et
661 3032 838 3115 voragines.
853 3032 953 3118 longa
974 3036 1144 3104 uetustate

130 3121 164 3185 iu
183 3122 285 3185 altum
304 3121 436 3184 cavatae
454 3118 568 3202 iacent,
591 3140 715 3203 quaque
738 3119 897 3205 desinunt,
919 3120 1009 3186 fossa
1027 3122 1146 3210 ingen·

77 3219 110 3270 25
130 3208 173 3272 tis
201 3207 307 3291 operis
336 3207 462 3273 obieeta
489 3211 546 3272 est.
590 3225 686 3272 xxxv
714 3208 855 3272 stadium
881 3231 991 3274 murus
1021 3213 1146 3285 urbem

131 3297 356 3380 conplectitur,
384 3296 473 3360 cuius
501 3295 568 3360 ima
595 3317 685 3378 saxo,
718 3297 883 3379 superiora
910 3298 1006 3363 crudo
1034 3300 1145 3373 latere

131 3387 207 3448 sunt
225 3387 357 3449 structa.
393 3383 503 3448 Lateri
521 3384 683 3448 vinculum
701 3384 825 3466 lapides
840 3389 923 3469 sunt,
942 3408 1024 3471 quos
1038 3388 1145 3459 inter-

116 3493 270 3555 posuere,
292 3474 328 3539 ut
345 3471 468 3538 duriori
487 3472 641 3538 materiae
654 3471 782 3555 fragilis
800 3473 1008 3559 incumberet,
1028 3477 1146 3549 simul·

48 3567 89 3616 2⁶
107 3579 174 3643 que
189 3565 280 3631 terra
295 3563 439 3633 lrumore
456 3563 575 3631 diluta.
601 3560 658 3629 Ne
673 3564 790 3626 tamen
799 3561 954 3623 uniuersa
964 3565 1152 3635 consideret
