2422 3892
133 151 222 205 XXIV
527 149 753 206 SUMMARIUM.

132 292 240 347 crudeli
258 291 355 347 adficit
373 291 519 361 supplicio.
551 292 610 347 VH.
629 291 738 346 Deinde
751 289 911 360 Aegyptum
929 290 1002 359 petit
1019 290 1145 359 visitque

63 371 113 420 331
133 363 209 417 Iovis
218 362 382 421 Hammonis
392 363 542 417 oraculum.
561 362 633 417 VIII.
643 362 675 416 In
684 361 814 431 Aegypto
823 360 1023 416 Alexandriam
1032 361 1145 416 condit:

133 433 200 488 inde
218 433 371 502 Memphim
389 432 474 502 petit,
493 449 538 487 res
556 432 680 502 Aegypti
698 431 818 486 ordinat.
850 431 896 486 lX.
914 431 1022 486 Dareus
1041 432 1079 486 ad
1092 431 1145 486 Ar·

131 504 197 558 bela
210 503 339 573 pervenit
353 504 506 572 eodemque
521 506 651 572 superato
665 502 779 572 Tigride
793 501 959 558 Alexander.
986 502 1019 557 X.
1034 501 1144 558 Milites

133 575 168 628 ob
187 575 271 629 lunae
290 574 476 630 delectionem
493 575 621 629 turbatos
640 591 690 642 per
708 572 864 643 Aegyptios
888 575 968 628 rates
996 573 1144 628 confirmat

131 645 298 700 Alexander.
325 645 472 700 Persarum
484 644 590 699 milites
605 661 687 715 agros
702 646 846 699 vastantes
865 643 896 697 in
913 643 1011 714 fugam
1029 643 1144 699 conicIt.

131 715 216 770 Darei
243 732 313 770 uxor
340 715 452 785 captiva
477 731 604 770 moerore
631 715 759 770 confecta
787 731 945 783 supremum
974 713 1049 768 diem
1073 713 1144 770 obit.

132 785 285 840 Alexandri
310 787 411 841 luctus.
451 785 542 862 Darei,
559 785 625 842 inde
648 785 833 868 suspiciones,
862 783 976 855 cognita
1002 801 1033 838 re
1061 786 1145 854 grata

131 859 205 911 rota.
251 856 297 910 XI.
325 857 426 911 Pacem
456 857 572 912 tertium
604 859 762 926 quaesitam
789 856 895 910 Dareus
922 872 979 910 non
1010 855 1144 924 inpetrat,

132 927 169 981 ad
189 927 361 982 deditionem
379 928 429 982 aut
452 928 488 982 ad
514 928 621 982 bellum
647 927 696 981 ille
725 927 760 981 ab
779 926 938 981 Alexandro
965 927 1144 995 provocatur.

132 997 191 1051 XII.
214 997 259 1051 Ad
280 997 419 1066 proelium
437 998 503 1052 dnm
516 998 663 1053 Persarum
686 1015 715 1052 se
739 997 876 1052 exercitus
899 999 992 1065 parat,
1012 995 1143 1051 Macedo-

131 1084 181 1122 nes
203 1070 310 1122 terrore
329 1069 407 1124 velut
424 1069 596 1139 lymphatico
614 1068 740 1138 percussi
758 1068 965 1122 armaalacres
984 1069 1137 1136 capessunt

131 1137 202 1193 XIII.
227 1138 352 1194 Consilia
382 1139 573 1195 Parmenionis
602 1141 632 1194 et
658 1137 880 1208 Polypercontis‚
905 1137 953 1206 qui
975 1140 1144 1192 nocturnum

130 1209 269 1278 proelium
292 1211 422 1279 suadent,
446 1210 605 1266 Alexander
628 1211 743 1265 damnat
765 1225 918 1277 somnoque
937 1208 1058 1263 refectus
1078 1225 1144 1264 suos

132 1281 169 1335 ad
186 1298 310 1351 pugnam
328 1282 464 1337 accendit.
492 1280 564 1336 XIV.
583 1280 734 1336 Alexandri
754 1280 791 1334 ad
805 1279 987 1345 Graecorum,
1007 1278 1093 1333 Darei
1106 1279 1143 1335 ad

130 1351 277 1406 Persarum
296 1353 448 1407 exercitum
471 1354 537 1406 ante
555 1369 679 1421 pugnam
698 1351 846 1405 orationes.
883 1349 942 1405 XV.
962 1349 1083 1405 Cruenti
1106 1350 1145 1404 ad

130 1420 236 1475 Arbela
257 1422 359 1489 proelii
382 1421 542 1490 descriptio.
583 1421 682 1476 Victor
703 1421 863 1475 Alexander
884 1420 1007 1475 Dareum
1033 1419 1145 1475 victum

132 1490 315 1557 persequitur.
352 1491 423 1546 XVI.
442 1491 526 1546 Laevi
545 1507 657 1557 cornus,
677 1491 723 1545 cui
740 1491 887 1546 Parmenio
906 1493 1047 1560 praeerat,
1068 1490 1143 1560 peri·

131 1556 225 1609 culum
247 1559 436 1613 Alexandrum
464 1560 591 1615 retrahit.
631 1561 755 1613 Tandem
777 1561 889 1628 integra
911 1560 1032 1615 victoria
1055 1561 1145 1629 potiti

129 1623 298 1679 Macedones
315 1628 439 1694 reliquos
458 1629 557 1681 Persas
577 1630 644 1696 fuga
663 1644 796 1694 quaerere
815 1630 936 1682 salutem
955 1632 1068 1697 cogunt.

527 1788 669 1864 ,Lissa
692 1789 727 1847 v.

201 1905 223 1959 I.
240 1904 331 1959 Dareo
350 1903 460 1958 Mediae
478 1903 547 1958 fines
565 1903 704 1973 ingresso,
724 1901 836 1957 Arbelis
854 1902 963 1971 potItur
980 1903 1143 1960 Alexander

132 1976 162 2029 et
179 1974 335 2043 Babylone,
364 1974 442 2029 cuius
466 1972 549 2040 situs,
577 1973 746 2043 amplitudo,
775 1973 900 2042 corrupti
922 1990 1014 2028 mores
1038 1975 1143 2030 descri-

131 2045 244 2099 buntur.
284 2045 318 2098 ΙΙ.
340 2044 479 2098 Militibus
503 2044 629 2113 praemia
646 2043 791 2113 proponit,
819 2045 852 2097 ut
874 2043 927 2098 otii
949 2044 1021 2099 vitia
1049 2045 1144 2100 discu-

91 2161 95 2168 .
130 2117 213 2170 teret.
267 2113 338 2168 Susa
366 2116 464 2170 urbem
496 2132 530 2169 ac
557 2132 653 2185 regum
681 2114 828 2169 Persarum
854 2114 1001 2169 thesauros
1030 2115 1142 2186 recipit,

132 2183 313 2254 Sisigambim
342 2185 510 2243 consolatur.
550 2186 597 2241 III.
624 2184 759 2241 Uxiorum
789 2184 905 2254 regione
933 2188 1065 2254 superata
1095 2187 1144 2242 de·v

133 2256 207 2310 ditos
231 2257 260 2310 et
282 2256 408 2325 captivos
428 2273 490 2311 cum
512 2256 644 2312 libertate
666 2258 728 2310 tum
754 2255 932 2310 immunitate
951 2256 1051 2311 donat:
1075 2257 1142 2311 Per·

133 2326 223 2381 sidem
258 2325 363 2382 intrare
399 2327 527 2396 cogitans
563 2328 599 2381 ab
634 2326 822 2382 Ariobarzane
859 2326 989 2381 recedere
1015 2326 1143 2397 cogitur.

131 2398 179 2453 lV.
203 2396 320 2466 Captivo
347 2398 469 2466 quodam
497 2397 552 2453 iter
573 2398 671 2467 paucis
694 2396 838 2467 cognitum
859 2399 1048 2465 monstrante,
1076 2397 1143 2453 Per·

133 2485 226 2523 sarum
244 2468 407 2537 exercitum,
426 2468 488 2538 ipso
506 2468 695 2524 Ariobarzane
714 2467 820 2535 occiso,
840 2468 924 2523 delet.
961 2468 995 2523 V.
1014 2468 1059 2523 Ad
1076 2469 1143 2523 Per·

133 2540 252 2608 sepolim
276 2556 428 2610 properans
459 2539 634 2609 captivorum
661 2539 830 2595 Graecorum
856 2539 895 2593 IV
921 2537 1002 2592 milia
1028 2539 1143 2596 liberat.

64 2610 179 2668 330V1.
199 2610 419 2680 Opulentissima
436 2612 504 2666 urbe
522 2610 665 2680 Persepoli
688 2609 813 2678 direpta,
836 2608 998 2664 interiorem
1018 2609 1143 2666 Persidis

132 2681 277 2749 regionem
297 2681 372 2762 petit
394 2699 427 2736 ac
444 2681 605 2736 Mardorum
628 2681 725 2736 domat
747 2683 868 2749 gentem.
904 2679 963 2734 VII.
984 2680 1145 2735 Alexander

133 2750 164 2804 in
195 2750 322 2806 convivio
355 2769 372 2806 a
398 2751 504 2806 Thaide
535 2752 663 2821 inpulsus
694 2751 842 2805 Persarum
869 2750 978 2819 regiam
1005 2749 1142 2821 incendit,

134 2819 234 2875 deinde
252 2821 384 2889 persequi
400 2821 522 2876 Dareum
541 2821 649 2877 statuit.
684 2822 757 2876 VIII.
775 2819 860 2875 Darei
879 2837 944 2875 suos
963 2821 1000 2874 ad
1017 2837 1143 2891 pugnam

132 2891 273 2946 hortantis
288 2891 387 2946 oratio.
413 2892 459 2947 IX.
473 2891 576 2946 Variae
589 2891 748 2961 principum
762 2891 931 2946 sententiae:
951 2891 1143 2947 consternatio

80 2993 92 3002 -‹
133 2962 170 3016 ob
189 2961 374 3030 Nabarzanis,
399 2962 448 3029 qui
470 2979 533 3016 cum
551 2963 637 3016 Besso
659 2961 827 3031 proditionis
847 2962 1012 3017 societatem
1029 2961 1142 3030 inierat,

119 3031 291 3091 consilium.
331 3032 363 3086 X.
386 3031 467 3086 Bessi
495 3034 524 3086 et
545 3031 719 3086 Nabarzanis
743 3033 778 3087 de
801 3033 892 3088 Dareo
919 3033 1064 3102 prodendo
1093 3035 1144 3088 aut

133 3102 287 3158 occidendo
309 3101 418 3158 nefaria
441 3102 616 3157 deliberatio.
652 3104 697 3158 XI.
716 3102 839 3158 insidiae
856 3104 1033 3173 proditorum
1050 3103 1142 3158 Dareo

134 3173 325 3255 aperiuntur..
344 3174 371 3228 Is
398 3174 496 3255 tamen
517 3190 648 3243 praesens
672 3173 840 3256 Graecorum
866 3174 975 3256 respuit
997 3173 1143 3244 auxilinm,

132 3246 248 3314 paratus
266 3260 369 3313 perire,
389 3262 415 3299 sr
433 3244 542 3299 salvum
560 3262 590 3300 se
605 3261 665 3300 esse
680 3263 725 3299 sur
737 3246 847 3300 nollent
858 3245 973 3299 milites.
1001 3245 1060 3300 XII.
1074 3245 1140 3299 Bes-

134 3332 180 3369 sus
203 3315 329 3397 ‚Dareum
356 3315 428 3370 fictis
455 3315 549 3371 verbis
564 3318 606 3398 'et
631 3316 765 3398 lacrimis·
784 3316 911 3398 delusum
939 3314 1144 3385 conprehendit

133 3387 1008 3513 urassuattrauadai”assailiatur
1022 3385 1143 3512 lias

133 3527 170 3581 ad
187 3526 334 3582 Persarum
352 3475 504 3586 exedcitum
522 3501 676 3586 contendit.
708 3528 810 3582 Bessus
829 3529 924 3584 autern
942 3545 1006 3583 cum
1015 3475 1142 3596 Ideliqnis

131 3595 280 3666 parricidis
308 3616 386 3655 arma
411 3599 576 3670 vultumque
602 3597 718 3654 victoris
746 3600 872 3654 metuens
894 3598 1016 3654 Dareum
1043 3597 1142 3653 multis
