2408 3900
248 159 500 216 HISTORIARUM
519 159 733 213 ALEXANDRI
750 159 784 226 X,
805 165 827 216 1.
847 165 872 212 2.
998 159 1064 222 263

55 308 232 372 dissolvere
259 311 367 369 tamen
391 305 460 388 ipse
484 305 677 368 decreverat.
721 303 775 367 Illi
798 304 953 385 temptari
976 304 1064 385 ipsos
1084 314 1118 362 16

55 396 133 476 1611,
162 416 225 478 quo
252 394 379 459 facilius
408 393 449 457 ab
472 391 609 476 integris
633 395 839 476 sumptuosos
863 391 1066 475 discerneret,

57 483 247 567 prolatando
277 483 477 565 aliquantum
505 484 711 546 extraxerant
733 481 899 563 temporis.
943 479 989 543 Et
1010 501 1066 544 rex

58 573 137 635 satis
165 591 300 654 gnarus,
331 569 525 654 professioni
553 569 636 634 aeris
663 568 833 654 pudorem,
862 589 928 632 non
956 571 1067 633 contu·

58 661 193 724 maciam
216 661 356 740 obstare,
378 679 506 723 mensas
529 658 607 723 totis
631 658 747 722 castris
770 656 847 740 poni
868 656 964 722 iussit
987 660 1020 720 et
1042 675 1066 720 x
1188 687 1190 691 ’

58 748 149 811 1111116
170 747 329 811 talentum
353 746 500 829 proferri.
545 746 629 811 Tum
653 746 781 810 demum
803 765 872 810 cum
894 745 957 809 fide
979 744 1067 809 facta
1088 754 1118 802 11
1179 759 1181 764 “

57 835 215 919 professio
240 838 298 899 est.
340 834 409 899 Nec
433 835 571 917 amplius
594 857 633 899 ex
656 837 750 899 tanta
772 837 908 917 pecunia
931 851 1068 918 quamc

57 928 90 987 et
112 941 185 988 xxx
203 924 329 987 talenta
353 923 546 1007 superfuere.
587 921 677 987 Adeo
701 923 757 987 1116
776 923 934 987 exercitus
953 925 1005 987 tot
1022 921 1068 985 di-

57 1012 292 1076 vitissimarum
312 1012 457 1093 gentium
473 1012 575 1076 victor
589 1012 663 1095 plus
677 1016 787 1075 tamen
801 1012 956 1076 victoriae
971 1031 1068 1094 quam

22 1100 195 1182 9praedae
218 1099 402 1182 deportavit
421 1121 459 1164 ex
480 1098 569 1164 Asia.
606 1097 756 1165 Ceterum
776 1102 814 1165 ut
833 1099 999 1182 cognitum
1019 1102 1069 1164 est
1088 1107 1120 1154 1²

59 1187 140 1252 alios
173 1187 296 1250 remitti
330 1187 455 1271 domos,
488 1188 568 1252 alios
599 1187 746 1268 retineri,
778 1191 968 1271 perpetuam
996 1209 1069 1251 eum

57 1277 151 1358 regni
179 1275 288 1339 sedem
315 1275 350 1338 in
373 1272 663 1340 Asia‘habiturum
686 1276 764 1358 rati,
792 1276 943 1340 vecordes
968 1279 1001 1340 et
1025 1275 1069 1339 di·

58 1364 214 1446 sciplinae
233 1363 383 1426 militaris
403 1364 607 1428 immemores
627 1363 790 1429 seditiosis
810 1364 943 1428 vocibus
963 1366 1070 1428 castra

58 1453 213 1535 conplent
242 1471 415 1535 regemque
442 1451 579 1516 ferocius
603 1474 699 1535 quam
723 1452 804 1516 alias
829 1451 935 1517 adorti
957 1473 1069 1516 omnes
1094 1461 1097 1468 '

59 1539 155 1604 simul
179 1539 365 1603 missionem
388 1541 553 1622 postulare
576 1543 751 1623 coeperunt
773 1540 932 1605 deformia
950 1562 1007 1605 ora
1027 1539 1069 1604 ci·

58 1627 230 1692 catricibus
259 1628 473 1710 canitiemque
500 1629 641 1711 capitum
666 1631 875 1694 ostentantes.
920 1623 1121 1692 1166611113

56 1716 294 1800 praefectorum
314 1715 527 1798 castigatione
547 1719 603 1779 aut
616 1717 808 1792 verecundia
821 1716 908 1800 regis
923 1715 1069 1780 deterriti

58 1806 257 1869 tumultuoso
278 1804 418 1868 clamore
435 1807 468 1867 et
482 1803 617 1867 militari
631 1803 788 1868 violentia
801 1803 966 1867 volentem
980 1803 1070 1888 loqui

58 1892 249 1957 inhibebant
275 1892 384 1975 palam
412 1891 559 1975 professi,
582 1913 741 1974 nusquam
769 1891 843 1954 inde
870 1891 933 1954 nisi
955 1892 989 1954 in
1013 1914 1069 1974 pa·
1133 1888 1136 1892 ’

57 1980 154 2043 triam
177 1981 351 2064 vestigium
375 2000 445 2044 esse
469 1984 623 2045 moturos.
659 1979 803 2043 Tandem
824 1978 953 2043 silentio
971 1979 1067 2062 facto,
1090 1987 1122 2036 14

59 2069 162 2150 magis
195 2069 270 2151 quia
304 2072 428 2133 motum
461 2089 530 2132 essa
560 2067 746 2150 credebant,
776 2088 872 2151 quam
900 2067 977 2150 quia
1005 2067 1069 2151 ipsi

59 2156 183 2220 moveri
208 2159 370 2239 poterant,
394 2157 547 2240 quidnam
571 2159 701 2220 acturus
726 2159 823 2239 esset,
847 2156 1069 2238 expectabant.

58 2243 133 2326 Ille,
161 2242 261 2319 ‘Quid
284 2243 393 2326 haec,'
421 2245 542 2329 inquit,
560 2243 691 2326 ‘repens
712 2244 928 2308 consternatio
948 2246 982 2307 et
998 2248 1067 2307 tarn
1089 2253 1121 2302 15

39 2334 41 2337 ’
59 2353 177 2414 procax
201 2335 305 2414 atque·
319 2332 419 2395 effusa
436 2332 569 2397 licentia
588 2331 781 2396 denuntiat?
812 2330 931 2416 Eloqui
951 2334 1069 2395 metuo.

59 2418 171 2484 Palam
197 2423 283 2485 certe
306 2420 440 2503 rupistis
470 2420 641 2504 imperium
670 2423 702 2483 et
728 2420 874 2504 precario
903 2441 959 2484 rex
988 2441 1069 2502 sum,
1157 2441 1163 2452 ·

58 2510 109 2573 cui
140 2531 203 2573 non
243 2509 447 2591 adloquendi,
482 2529 550 2571 non
581 2508 731 2572 noscendi
767 2506 980 2591 monendique
1013 2510 1070 2571 aut

58 2597 203 2660 intuendi
230 2619 288 2661 vos
315 2597 366 2660 ius
394 2596 580 2678 reliquistis.
628 2594 788 2679 Equidem
815 2618 887 2660 cum
919 2596 999 2660 alios
1023 2595 1070 2659 di·
1090 2606 1122 2653 16

58 2685 186 2747 61111616
209 2684 243 2746 111
265 2684 420 2767 patriam,
439 2683 521 2746 alios
545 2705 668 2747 mecum
689 2686 786 2767 paulo
805 2689 881 2768 post
899 2684 1069 2768 deportare

59 2771 243 2854 statuerim,
275 2776 343 2835 tam
373 2771 448 2836 illos
477 2771 697 2836 adclamantes
724 2772 831 2855 video,
865 2773 921 2856 qui
949 2772 1069 2837 abituri

59 2863 148 2940 sunt,
171 2881 268 2942 quarn
290 2859 364 2944 bos,
387 2880 460 2924 cum
482 2860 599 2943 quibus
617 2861 813 2943 praemissos
832 2861 986 2945 subsequi
1005 2864 1069 2926 sta-

57 2949 115 3013 tui.
156 2946 239 3023 Quid
262 2947 324 3012 hoc
343 2951 392 3012 est
410 2947 480 3012 rei?
510 2948 632 3032 dispari
650 2949 684 3013 in
703 2971 802 3014 causa
819 2949 904 3015 idem
924 2949 1069 3014 omnium
1090 2959 1122 3008 11

56 3038 179 3101 clamor
203 3039 265 3102 6611
301 3036 461 3100 Pervelim
490 3037 587 3119 scire,
615 3041 724 3101 utrum
753 3039 809 3122 qui
837 3038 1006 3102 discedunt
1029 3059 1070 3101 an
1170 3111 1172 3116 ¹

56 3127 108 3206 qui
144 3126 326 3191 retinentur
354 3125 393 3190 da
421 3147 471 3189 me
500 3124 701 3208 querantur.'
748 3124 902 3191 Crederes
926 3146 990 3189 uno
1015 3135 1123 3189 61616

57 3235 167 3278 omnes
195 3215 366 3280 sustulisse
393 3213 581 3278 clamorem:
615 3216 663 3277 ita
690 3214 813 3298 pariter
842 3235 880 3276 ex
903 3215 1069 3277 16166611-

10 3303 46 3367 10
56 3301 144 3365 tione
176 3324 365 3386 responsum
394 3305 455 3383 est,
490 3323 600 3367 omnes
628 3303 729 3385 queri.
773 3301 855 3365 Tum
882 3301 952 3385 ille,
980 3300 1072 3366 ‘Non
1091 3313 1123 3360 19

55 3388 202 3453 hercula'
238 3391 358 3474 inquit,
395 3389 520 3473 ‘potest
555 3391 639 3473 fieri,
675 3391 713 3453 ut
746 3389 886 3453 adducar
918 3389 1071 3474 querendi

56 3477 152 3540 simul
184 3478 332 3542 omnibus
365 3477 449 3542 hanc
483 3498 614 3541 causam
647 3498 731 3561 esse,
764 3499 861 3561 quam
892 3477 1071 3560 ostenditis,

14 3615 18 3624 .
55 3566 88 3628 in
118 3586 181 3650 qua
219 3565 323 3630 maior
356 3587 431 3651 pars
464 3565 622 3654 exercitus
654 3587 720 3630 non
754 3569 817 3648 est,
856 3570 972 3649 utpote
999 3586 1076 3626 cum
