2422 3892
64 160 103 217 IV
464 160 672 216 PRAEFATIO.

66 304 168 358 Bcrnb.
186 309 254 359 1870
267 321 294 372 p.
310 304 371 370 31):
392 301 522 356 ‘fortasse
540 301 565 356 is
583 318 680 356 verum
698 303 880 370 adsequatur,
904 304 953 372 qui
970 303 1074 373 ubique

68 373 174 429 codicis
188 373 275 428 Paris.
290 371 426 427 lectiones
439 372 575 441 praefert:
593 389 672 440 nam,
691 373 805 441 utquid
821 372 940 428 sentiam
953 373 1074 444 ingenue

67 445 207 515 profitear,
222 444 310 499 codex
318 442 405 498 Paris.
419 441 544 497 melioris
558 441 669 513 generis
684 442 806 498 deterius
817 445 965 514 exemplar,
980 447 1074 499 arche-

66 519 155 585 typon
169 517 264 569 autem
279 514 359 568 codd.
378 515 413 568 B.
426 513 461 567 F.
473 515 508 568 L.
524 514 556 568 V.
576 512 722 568 deterioris
741 515 852 583 generis
869 515 970 570 melius
984 532 1073 570 exern-

65 587 130 654 plar
162 586 372 667 repraesentare
405 582 475 637 mihi
507 582 640 640 videtur’.
683 583 886 640 Gratulandum
913 588 1008 641 tamen
1031 588 1075 640 est

66 656 111 710 his
131 656 245 723 studiis,
269 655 345 724 quod
363 653 417 708 viri
436 671 559 709 summae
577 653 608 708 iu
631 653 768 710 eiusmodi
786 656 869 710 rebus
888 656 1073 724 auctoritatis,

66 727 117 781 Ed.
136 726 363 782 Woelfflinus
382 726 412 780 et
429 724 461 778 A.
480 725 627 794 Hugius,
646 725 801 780 identidem
819 727 972 782 monitores
991 727 1074 782 exsti·

65 799 173 865 terunt,
192 814 228 852 ne
246 794 399 851 immodica
416 797 492 849 esset
509 794 615 850 codicis
628 794 749 850 Parisini
767 799 799 850 ut
812 796 879 851 libri
892 815 981 868 nuper
993 798 1074 866 quasi

65 868 171 938 reperti
185 866 343 922 admiratio.
379 865 561 920 Metuendum
575 865 650 920 enim
664 883 731 921 saue
748 869 821 933 erut,
841 867 866 921 si
884 868 1005 923 editores
1031 868 1074 923 illi

66 939 140 994 libro
155 955 185 993 se
194 937 282 992 nimio
292 935 386 991 studio
396 935 578 1004 addixissent,
593 952 628 990 ne
639 939 860 1005 corrumperetur
869 939 980 1007 saepius
991 957 1075 1007 quam

67 1010 262 1063 emendaretur
285 1006 316 1072 Q.
345 1006 424 1062 Curti
449 1006 546 1062 oratio.
589 1005 678 1071 Quam
701 1007 875 1062 considerate
900 1007 929 1060 iu
956 1008 1074 1078 singulis

66 1077 138 1134 locis
157 1077 339 1134 emendandis
358 1077 483 1132 codicem
501 1077 582 1131 illum
600 1093 653 1147 ego
672 1075 862 1145 adhibuerim,
883 1078 1001 1132 aliorum
1021 1079 1076 1133 erit

66 1149 205 1205 iudicare:
219 1167 306 1204 unum
318 1166 375 1203 non
390 1147 488 1203 dubIto
502 1147 616 1216 testari,
632 1165 740 1202 summa
752 1148 805 1202 reli
826 1148 889 1204 ione
902 1166 947 1204 me
962 1165 1075 1219 operam

67 1221 192 1289 dedisse,
210 1222 244 1276 ut
260 1237 296 1276 ne
315 1237 361 1289 ea,
380 1236 466 1289 quam
480 1219 515 1274 de
528 1218 659 1274 universa
672 1218 793 1274 Parisini
805 1166 862 1275 Ide
874 1219 1074 1289 concepissem,

67 1291 163 1361 opinio
185 1292 216 1346 iu
234 1291 353 1361 singulis
371 1290 441 1345 locis
461 1289 646 1345 discutiendis
668 1307 713 1345 me
735 1291 842 1345 faceret
859 1290 974 1358 reliquis
992 1290 1074 1346 bonis

67 1362 212 1416 codicrbus
229 1361 405 1428 iniquiorem.

137 1431 239 1486 Restat
256 1433 289 1485 ut
307 1430 342 1484 de
357 1428 552 1484 ‘adnotatione
566 1429 676 1485 critica'
693 1445 765 1497 quae
779 1429 960 1498 subsequitur
976 1433 1075 1501 paucis

67 1502 220 1557 absolvam.
252 1500 296 1554 Ne
314 1516 364 1554 eae
382 1498 520 1567 scidulas,
539 1515 596 1554 non
614 1501 673 1553 tam
691 1499 939 1569 grammaticorum
958 1502 1074 1558 criticen

68 1571 256 1628 exercentium
278 1587 363 1639 qnam
384 1569 526 1624 variorum
547 1569 685 1624 lectorum
702 1569 765 1624 usui
784 1570 955 1640 destinatae,
978 1573 1073 1628 inutili

67 1642 220 1699 lectionum
227 1640 370 1711 farragine
381 1642 569 1709 onerarentur,
583 1639 747 1695 manifestas
756 1640 934 1697 librariorum
944 1643 1073 1714 ineptias,

68 1714 92 1769 si
106 1714 221 1783 quidem
235 1728 323 1782 aeque
336 1710 495 1767 necessaria
508 1711 668 1766 emendatio
682 1713 767 1780 atque
782 1713 913 1782 expedita
927 1731 988 1770 esse
998 1715 1073 1770 vide-

68 1784 163 1854 batur,
191 1783 304 1840 silentio
328 1781 475 1853 praeterii,
502 1781 539 1837 iis
564 1782 613 1852 qui
639 1781 710 1838 talia
732 1785 832 1837 curant
855 1784 1021 1855 Zumptiaua
1046 1789 1074 1840 et

67 1855 243 1912 Hedickiana
262 1853 432 1910 editionibus
452 1852 521 1908 satis
540 1854 698 1908 consultum
716 1870 777 1908 esse
791 1855 953 1912 arbitratus.
980 1858 1074 1925 Aqua

67 1927 177 1982 ratione
201 1927 226 1980 si
248 1926 295 1980 hic
316 1925 378 1980 illic
401 1923 529 1992 discessi,
558 1926 608 1979 aut
629 1923 661 1978 id
681 1924 753 1978 mihi
773 1926 915 1995 volebam,
944 1930 976 1981 ut
998 1932 1074 1982 certa

66 1997 231 2052 mendorum
249 2012 353 2066 genera
371 1994 499 2051 codicum
513 1993 709 2050 Curtianorum
721 1996 841 2051 maxime
855 1997 969 2067 propria
983 2013 1072 2052 exem-

66 2067 123 2138 plis
146 2070 287 2134 notarem,
312 2068 362 2121 aut
385 2066 549 2121 dubitabam
573 2067 608 2120 de
625 2066 786 2136 propositae
805 2067 1010 2123 emendationis
1027 2069 1073 2123 vel

67 2138 237 2193 necessitate
255 2137 301 2192 vel
314 2137 525 2206 probabilitate.
553 2136 742 2192 librariorum
761 2137 791 2192 in
809 2139 967 2208 regionum,
986 2156 1073 2209 popu-

66 2210 166 2277 lorum,
180 2208 325 2263 hominum
338 2207 497 2263 nominibus
510 2207 713 2263 hariolationes
726 2224 839 2278 perraro
851 2211 970 2280 exempli
980 2211 1074 2280 gratia

67 2279 210 2335 adnotavi.
250 2279 290 2334 Ut
313 2278 356 2333 ita
377 2295 422 2333 me
444 2277 627 2347 continerem,
650 2295 708 2334 non
729 2279 813 2334 modo
836 2281 928 2350 operis
951 2281 1073 2350 suscepti

66 2350 141 2406 ratio
168 2367 264 2406 verum
287 2366 321 2404 ea
342 2365 453 2419 quoque
474 2347 576 2418 religio
598 2365 643 2404 me
664 2349 765 2418 movit,
789 2367 825 2405 ne
847 2351 877 2404 in
899 2351 1071 2418 Hedickii,

67 2421 120 2475 viri
145 2419 315 2489 doctissimi,
341 2421 467 2491 collegae
490 2417 638 2488 carissimi,
662 2436 781 2480 messem
799 2420 937 2492 inrupisse
955 2422 1071 2477 viderer.

68 2491 120 2547 Cui
134 2510 167 2548 eo
185 2491 278 2547 minus
297 2490 392 2547 decuit
409 2491 563 2561 quidquam
576 2507 621 2544 me
634 2491 707 2544 velle
722 2491 883 2560 subducere,
903 2510 958 2562 quo
972 2493 1071 2563 magis,

68 2563 206 2632 quidquid
225 2565 260 2619 de
279 2562 447 2633 optimorum
464 2561 601 2617 librorum
624 2559 792 2616 lectionibus
811 2562 955 2633 cognitum
972 2564 1071 2629 habeo,

67 2634 112 2688 illi
129 2635 306 2703 potissimum
324 2636 466 2704 receptum
484 2631 583 2688 refero.
609 2631 682 2686 Nam
701 2649 773 2700 quae
792 2632 843 2687 alii
856 2635 982 2689 homines
997 2634 1073 2688 docti

66 2707 133 2774 post
154 2704 287 2758 Hedichii
310 2705 462 2760 editionem
484 2721 509 2760 a
534 2709 603 2759 1867
626 2701 756 2757 emissam
779 2719 795 2758 c
818 2702 907 2758 Curtii
930 2705 1072 2760 codicibus

67 2775 113 2829 vel
131 2774 241 2830 veriora
258 2775 304 2829 vel
321 2792 396 2830 nova
413 2775 590 2845 protulerunt
608 2773 649 2843 (A.
668 2773 754 2843 Hug,
779 2777 898 2841 quaestt.
919 2775 993 2831 Ourt.
1012 2776 1041 2828 P.
1061 2776 1073 2828 I

69 2852 150 2911 18703
176 2844 276 2899 Philol.
295 2845 391 2900 XXXI.
411 2852 441 2912 23
466 2844 551 2899 index
568 2843 667 2914 philol.
686 2844 718 2898 II.
738 2851 855 2913 460sqq.
874 2845 920 2899 Ill.
941 2853 991 2900 170
999 2861 1071 2912 sqq,

67 2914 198 2969 Bursiani
212 2915 305 2970 annal.
326 2921 394 2969 1873
407 2932 434 2984 p.
449 2921 502 2969 499
516 2916 581 2982 etc.;
599 2915 632 2970 A.
646 2915 806 2982 Eussner,
826 2931 898 2984 spec.
914 2914 974 2968 crit.
991 2919 1072 2979 186&

67 2986 168 3041 Philol
188 2985 298 3040 XXXII.
319 2991 369 3040 166
380 3002 455 3053 sqq.;
478 2985 515 3039 M.
534 2984 626 3053 Ring
644 2986 679 3039 do
698 2985 787 3039 Curtii
805 2985 885 3038 codd.
904 2984 1072 3054 Hungaricis

69 3064 150 3123 18733
170 3055 201 3111 Ο,
220 3055 403 3110 Schr'issler
421 3055 456 3109 dc
475 3054 564 3109 Curtii
582 3052 678 3108 codiee
697 3053 848 3108 Oxouieusi
868 3060 959 3126 1874),
982 3073 1072 3124 neque

67 3127 110 3182 ita
127 3127 218 3181 multa
236 3128 315 3181 erant
332 3142 423 3194 neque
437 3125 474 3179 ad
486 3141 580 3180 meum
592 3141 673 3177 usum
686 3123 784 3193 magni
796 3125 931 3179 momenti
968 3126 1072 3193 Quodsi

67 3197 141 3252 infra
163 3197 273 3266 aliquot
293 3196 364 3251 locis
382 3195 467 3251 aliam
490 3199 575 3264 atque
592 3193 747 3248 Hedickius
768 3195 798 3249 in
817 3195 940 3252 editi0ne
960 3216 1010 3253 sua
1028 3216 1070 3253 co·

68 3269 161 3323 dicum
180 3267 346 3337 scripturam
365 3266 515 3334 exhibebo,
533 3268 599 3337 peto
617 3282 653 3320 ne
671 3267 775 3321 temere
789 3267 843 3322 hoo
856 3267 980 3324 incuriae
994 3287 1072 3324 meae

68 3340 236 3408 imputetur:
254 3337 391 3393 nonnulla
409 3336 484 3393 enim
501 3354 575 3392 nova
593 3337 624 3390 in
637 3335 829 3406 disputatione
843 3355 868 3394 a.
883 3347 952 3396 1870
965 3339 1071 3410 publici

67 3409 136 3463 iuris
155 3410 231 3463 facta
246 3409 366 3479 protulit
383 3408 432 3464 ille
445 3409 489 3463 vir
503 3407 694 3475 doctissimus,
713 3408 771 3464 alia
784 3409 859 3464 idem
872 3410 1071 3465 humanissime

66 3479 198 3550 privatim
212 3497 321 3536 mecum
335 3479 563 3548 communicavit,
581 3482 728 3550 praeterea
741 3480 832 3534 denuo
848 3497 961 3536 excusso
976 3480 1071 3535 codice

67 3550 201 3607 Bernensi
219 3551 252 3607 A.
270 3551 380 3622 Hugius
399 3551 434 3606 de
453 3551 564 3620 aliquot
580 3550 652 3606 locis
670 3551 844 3606 accuratiora
862 3551 967 3606 docuit.

136 3621 159 3675 E
178 3639 281 3692 magna
300 3622 381 3693 copia
399 3621 638 3690 emendationum,
662 3637 734 3689 quae
757 3637 821 3675 cum
839 3623 923 3676 autea
944 3624 1003 3676 tum
1026 3622 1071 3675 his
