2422 3892
256 176 510 261 HISTORIARUM
527 178 742 234 ALEXANDRI
761 180 810 250 VI,
829 186 854 236 4.
874 185 900 237 6.
1025 183 1089 248 125

73 321 198 387 Novem
225 323 370 407 iuvenes,
402 342 512 388 omnes
541 323 653 387 eadem
681 327 786 388 matra
815 323 933 409 geniti,
962 331 1123 409 patrem4

74 411 326 476 comitabantur:
352 410 413 475 hos
441 410 623 475 Artabazus
651 410 802 476 dexterae
829 412 917 496 regis
945 414 1090 480 admovit

74 503 232 583 precatus,
254 503 383 563 uttam
406 497 461 562 diu
483 499 638 582 viverent,
661 499 761 564 donec
783 499 881 565 utiles
905 501 1087 567 Alexandro

76 591 191 653 essent.
243 587 313 652 Rex
343 587 480 670 pedibus
512 587 575 651 iter
604 588 791 671 plerumque
822 587 977 654 faciebat:
1011 595 1123 655 tunc5

75 674 240 740 admoveri
269 675 331 740 sibi
360 680 393 740 et
419 675 582 740 Artabazo
611 695 710 758 equos
737 675 847 760 iussit,
875 699 917 742 ne
944 679 1017 762 ipso
1040 680 1088 742 in·

75 763 240 847 gradiente
258 763 394 847 pedibus
413 784 509 828 senex
528 784 610 846 equo
633 762 708 827 vehi
730 764 942 832 erubesceret

24 870 65 935 15
163 850 209 917 Ut
227 851 340 917 deinde
360 855 466 916 castre
485 854 562 916 sunt
578 851 697 935 posita,
719 850 869 936 Graecos,
892 875 973 938 quos
992 855 1089 921 Arta·
1108 879 1124 928 e

74 939 172 1004 banus
206 940 398 1023 adduxerat,
430 939 602 1004 convocari
627 939 730 1003 iubet:
763 945 798 1005 at
826 941 888 1024 illi,
918 943 981 1007 nisi
1007 942 1088 1008 fides

75 1025 337 1092 Lacedaemoniis
358 1048 484 1112 quoque
504 1031 537 1091 et
551 1025 782 1110 Sinopensibus
802 1028 939 1114 daretur,
957 1052 1089 1114 respon·

75 1115 153 1180 dent
176 1136 219 1197 se,
242 1115 320 1199 quid
343 1116 503 1200 agendum
527 1115 606 1198 ipsis
629 1114 725 1198 foret,
746 1114 990 1183 deliberaturos.
1030 1118 1122 1183 Ire-r

76 1203 146 1286 gati
174 1207 267 1267 erant
293 1201 621 1268 Lacedaemoniorum
650 1203 742 1267 missi
771 1203 811 1267 ad
838 1201 994 1288 Dareum,
1025 1228 1088 1290 quo

75 1291 161 1356 victo
194 1291 417 1375 adplicuerant
449 1313 482 1355 se
514 1290 644 1356 Graecis
677 1292 823 1356 mercede
855 1293 941 1376 apud
972 1292 1089 1359 Persas

77 1379 304 1443 militantibus.
335 1378 405 1443 Rex
423 1378 552 1444 omissis
572 1379 783 1463 sponsionum
796 1379 934 1463 fideique
948 1380 1090 1464 pignori·
1108 1395 1124 1445 8

75 1467 136 1531 bus
163 1467 273 1531 venire
299 1488 353 1531 eos
381 1467 490 1550 iussit,
516 1466 696 1550 fortunam,
724 1489 821 1551 quam
847 1467 918 1551 ipse
941 1468 1090 1553 dedisset,

76 1554 254 1620 habituros.
294 1552 361 1619 Diu
384 1557 573 1620 cunctantes
596 1554 759 1638 plerisque
780 1556 917 1621 consilia
935 1558 1090 1622 varianti·

75 1643 136 1707 bus
164 1644 293 1708 tandem
321 1646 473 1708 venturos
498 1664 533 1706 se
560 1643 766 1728 pollicentur.
811 1645 857 1708 At
879 1643 1124 1711 Democratesa

77 1730 299 1813 Atheniensis,
327 1731 382 1815 qui
410 1731 549 1796 maxime
577 1729 791 1796 Macedonum
818 1732 935 1814 opibus
963 1755 1090 1817 semper

77 1818 265 1897 obstiterat·
276 1819 372 1883 venia
393 1819 561 1904 desperata
579 1819 689 1904 gladio
708 1841 743 1883 se
761 1819 936 1905 transfigit
973 1820 1090 1904 Ceteri,

78 1907 161 1972 sicut
183 1908 426 1991 constituerant,
449 1907 568 1971 dicioni
590 1907 766 1971 Alexandri
788 1907 877 1990 ipsos
901 1929 936 1973 se
958 1910 1090 1994 permit

76 1998 159 2061 tunt
212 1994 303 2060 Mille
336 1999 368 2060 et
394 2013 419 2059 n
447 1995 568 2059 milites
598 1999 704 2060 erant:
735 2000 865 2078 praeter
895 1997 957 2062 hos
989 1997 1090 2083 legati
1110 2016 1143 2064 10

77 2082 116 2147 ad
144 2081 287 2148 Dareum
314 2084 407 2147 missi
433 2100 487 2148 xc.
538 2082 577 2147 In
605 2084 866 2167 supplementum
896 2084 1089 2150 distributus

77 2171 185 2255 miles,
215 2171 313 2237 ceteri
340 2171 468 2236 remissi
496 2177 626 2237 domum
654 2176 783 2255 praeter
808 2172 1091 2256 Lacedaemonios,

78 2280 158 2343 quos
182 2259 268 2324 tradi
290 2259 325 2323 in
350 2259 529 2324 custodiam
551 2261 655 2326 iussit.

26 2347 67 2413 16
165 2346 351 2413 Mardorum
366 2352 436 2412 erat
450 2368 529 2432 gens
545 2349 681 2413 confinis
694 2346 887 2432 Hyrcaniae,
901 2348 991 2414 cultu
1004 2349 1090 2413 vitae
1110 2369 1141 2416 11

78 2457 194 2519 aspera
226 2440 259 2501 et
286 2436 468 2501 latrociniis
495 2435 642 2501 adsueta:
673 2435 753 2500 haec
781 2437 853 2500 sola
877 2456 937 2500 nec
963 2436 1090 2519 legatos

77 2525 211 2589 miserat
243 2545 300 2590 nec
328 2525 497 2589 videbatur
524 2525 684 2608 imperata
710 2522 844 2587 factura.
892 2522 1008 2606 Itaque
1034 2544 1091 2587 rex

77 2612 279 2696 indignatus,
310 2612 339 2676 si
368 2634 432 2676 una
464 2632 543 2696 gens
573 2614 686 2696 posset
713 2610 852 2692 efficere,
884 2631 924 2674 ne
951 2610 1090 2675 invictus

78 2703 173 2780 esset,
196 2698 425 2782 inpedimentis
448 2721 521 2763 oum
543 2699 704 2782 praesidio
728 2697 851 2762 relictis
869 2696 976 2764 valida
994 2719 1091 2763 manu

79 2786 256 2852 comitante
277 2784 431 2870 procedit.
476 2785 585 2852 Noctu
608 2788 671 2851 iter
693 2785 816 2851 fecerat
838 2790 871 2850 et
892 2786 999 2870 prima
1021 2787 1091 2853 luce
1112 2808 1144 2856 12

77 2874 183 2939 hostis
202 2874 238 2938 in
257 2877 429 2957 conspectu
448 2877 524 2940 erat
565 2874 737 2940 Tumultus
756 2874 861 2958 magis
881 2896 977 2958 quam
999 2897 1091 2959 proe-

78 2963 160 3027 lium
182 2961 253 3028 fuit
304 2961 479 3027 Deturbati
502 2984 541 3027 ex
564 2964 715 3046 collibus,
744 2984 822 3046 quos
846 2967 1092 3047 occupaverant,

78 3051 210 3117 barbari
232 3050 448 3134 profugerunt
471 3051 670 3135 proximique
693 3051 755 3116 vici
778 3052 820 3115 ab
838 3050 954 3116 incolis
973 3051 1091 3117 deserti

79 3140 259 3224 capiuntur.
312 3137 473 3204 Interiora
503 3140 647 3224 regionis
681 3139 748 3205 eius
779 3139 866 3204 haud
899 3161 975 3204 sane
1009 3140 1091 3205 adiri
1111 3160 1144 3208 13

80 3228 148 3294 sine
171 3248 291 3312 magna
313 3228 483 3293 vexatione
507 3229 665 3292 exercitus
692 3230 852 3310 poterant.
896 3226 979 3312 Iuga
1001 3249 1090 3293 mon·

78 3316 162 3381 tium
194 3316 360 3399 praealtae
389 3316 489 3381 silvae
521 3336 680 3400 rupesque
712 3315 819 3380 inviae
851 3316 1013 3398 saepiunt:
1045 3336 1092 3399 aa,
1140 3384 1151 3408 ἱ

80 3425 161 3486 quae
183 3405 282 3487 plana
305 3407 393 3489 sunt,
421 3426 504 3470 novo
532 3403 727 3469 munimenti
750 3423 867 3488 genere
890 3403 1092 3487 inpedierant

78 3492 217 3556 barbari.
263 3492 405 3557 Arbores
433 3493 551 3557 densae
579 3495 656 3557 sunt
682 3491 720 3556 de
747 3492 906 3557 industria
933 3492 1091 3557 consitae:
1112 3511 1144 3560 14

80 3601 215 3663 quarum
238 3584 367 3646 teneros
392 3579 495 3645 adhuc
517 3603 625 3646 ramos
650 3601 747 3645 manu
770 3580 916 3662 flectunt,
941 3601 1021 3664 quos
1045 3580 1091 3642 in·
