<?xml version="1.0" encoding="UTF-8"?>
<!DOCTYPE html PUBLIC "-//W3C//DTD XHTML 1.0 Transitional//EN"
    "http://www.w3.org/TR/xhtml1/DTD/xhtml1-transitional.dtd">
<html xmlns="http://www.w3.org/1999/xhtml" xml:lang="en" lang="en">
 <head>
  <title>
</title>
<meta http-equiv="Content-Type" content="text/html;charset=utf-8" />
  <meta name='ocr-system' content='tesseract 3.04.00' />
  <meta name='ocr-capabilities' content='ocr_page ocr_carea ocr_par ocr_line ocrx_word'/>
</head>
<body>
  <div class='ocr_page' id='page_1' title='image "./historiarumalex00rufugoog_0114.png"; bbox 0 0 2408 3900; ppageno 0'>
   <div class='ocr_carea' id='block_1_1' title="bbox 222 167 1064 238">
    <p class='ocr_par' dir='ltr' id='par_1_1' title="bbox 222 167 1064 238">
     <span class='ocr_line' id='line_1_1' title="bbox 222 167 1064 238; baseline 0.008 -15"><span class='ocrx_word' id='word_1_1' title='bbox 222 167 476 223; x_wconf 76' lang='lat' dir='ltr'><strong>HISTORIARUM</strong></span> <span class='ocrx_word' id='word_1_2' title='bbox 493 168 709 222; x_wconf 81' lang='lat' dir='ltr'><strong>ALEXANDRI</strong></span> <span class='ocrx_word' id='word_1_3' title='bbox 726 168 779 238; x_wconf 91' lang='lat' dir='ltr'>IV,</span> <span class='ocrx_word' id='word_1_4' title='bbox 798 174 839 224; x_wconf 78' lang='lat'>15.</span> <span class='ocrx_word' id='word_1_5' title='bbox 860 175 902 224; x_wconf 81' lang='lat'>16.</span> <span class='ocrx_word' id='word_1_6' title='bbox 1024 167 1064 231; x_wconf 79' lang='grc'>77</span> 
     </span>
    </p>
   </div>
   <div class='ocr_carea' id='block_1_2' title="bbox 11 311 1121 3562">
    <p class='ocr_par' dir='ltr' id='par_1_2' title="bbox 58 311 1100 1169">
     <span class='ocr_line' id='line_1_2' title="bbox 60 311 1100 396; baseline 0.001 -19"><span class='ocrx_word' id='word_1_7' title='bbox 60 313 161 377; x_wconf 82' lang='lat' dir='ltr'>satis?</span> <span class='ocrx_word' id='word_1_8' title='bbox 190 334 232 377; x_wconf 91' lang='lat' dir='ltr'>an</span> <span class='ocrx_word' id='word_1_9' title='bbox 258 333 299 376; x_wconf 92' lang='lat' dir='ltr'>ne</span> <span class='ocrx_word' id='word_1_10' title='bbox 326 312 525 396; x_wconf 80' lang='lat' dir='ltr'><strong>fugientibus</strong></span> <span class='ocrx_word' id='word_1_11' title='bbox 554 313 681 396; x_wconf 92' lang='lat' dir='ltr'>quidem</span> <span class='ocrx_word' id='word_1_12' title='bbox 707 333 800 396; x_wconf 88' lang='lat' dir='ltr'>pares</span> <span class='ocrx_word' id='word_1_13' title='bbox 824 311 934 377; x_wconf 75' lang='lat' dir='ltr'>estis‘l’</span> <span class='ocrx_word' id='word_1_14' title='bbox 979 312 1100 380; x_wconf 86' lang='lat' dir='ltr'>Verae</span> 
     </span>
     <span class='ocr_line' id='line_1_3' title="bbox 59 401 1065 486; baseline 0.004 -20"><span class='ocrx_word' id='word_1_15' title='bbox 59 403 161 466; x_wconf 86' lang='lat' dir='ltr'>dicere</span> <span class='ocrx_word' id='word_1_16' title='bbox 187 401 356 466; x_wconf 88' lang='lat' dir='ltr'>videbatur</span> <span class='ocrx_word' id='word_1_17' title='bbox 383 403 416 464; x_wconf 89' lang='lat' dir='ltr'>et</span> <span class='ocrx_word' id='word_1_18' title='bbox 443 422 516 484; x_wconf 87' lang='lat' dir='ltr'>spes</span> <span class='ocrx_word' id='word_1_19' title='bbox 543 401 733 485; x_wconf 76' lang='lat' dir='ltr'>languentes</span> <span class='ocrx_word' id='word_1_20' title='bbox 760 422 885 486; x_wconf 90' lang='lat' dir='ltr'>quoque</span> <span class='ocrx_word' id='word_1_21' title='bbox 913 408 1065 469; x_wconf 85' lang='lat' dir='ltr'>erexerat.</span> 
     </span>
     <span class='ocr_line' id='line_1_4' title="bbox 59 488 1066 575; baseline 0.003 -22"><span class='ocrx_word' id='word_1_22' title='bbox 59 488 203 575; x_wconf 20' lang='lat' dir='ltr'>Sublditis</span> <span class='ocrx_word' id='word_1_23' title='bbox 235 488 411 553; x_wconf 86' lang='lat' dir='ltr'>calcaribus</span> <span class='ocrx_word' id='word_1_24' title='bbox 442 510 592 571; x_wconf 87' lang='lat' dir='ltr'>proruere</span> <span class='ocrx_word' id='word_1_25' title='bbox 623 489 658 553; x_wconf 91' lang='lat' dir='ltr'>in</span> <span class='ocrx_word' id='word_1_26' title='bbox 689 489 831 553; x_wconf 91' lang='lat' dir='ltr'>hostem:</span> <span class='ocrx_word' id='word_1_27' title='bbox 867 491 900 552; x_wconf 90' lang='lat' dir='ltr'>et</span> <span class='ocrx_word' id='word_1_28' title='bbox 925 489 974 553; x_wconf 90' lang='lat' dir='ltr'>illi</span> <span class='ocrx_word' id='word_1_29' title='bbox 999 489 1066 556; x_wconf 90' lang='lat' dir='ltr'>iam</span> 
     </span>
     <span class='ocr_line' id='line_1_5' title="bbox 58 576 1065 661; baseline 0.003 -20"><span class='ocrx_word' id='word_1_30' title='bbox 58 599 127 642; x_wconf 93' lang='lat' dir='ltr'>non</span> <span class='ocrx_word' id='word_1_31' title='bbox 150 577 279 660; x_wconf 89' lang='lat' dir='ltr'>sensim,</span> <span class='ocrx_word' id='word_1_32' title='bbox 301 576 356 640; x_wconf 91' lang='lat' dir='ltr'>sed</span> <span class='ocrx_word' id='word_1_33' title='bbox 374 577 472 641; x_wconf 86' lang='lat' dir='ltr'>citato</span> <span class='ocrx_word' id='word_1_34' title='bbox 491 576 591 661; x_wconf 91' lang='lat' dir='ltr'>gradu</span> <span class='ocrx_word' id='word_1_35' title='bbox 610 577 801 642; x_wconf 72' lang='lat' dir='ltr'><strong>recedebant</strong></span> <span class='ocrx_word' id='word_1_36' title='bbox 818 598 877 641; x_wconf 92' lang='lat' dir='ltr'>nec</span> <span class='ocrx_word' id='word_1_37' title='bbox 895 577 1065 660; x_wconf 86' lang='lat' dir='ltr'>quicquam</span> 
     </span>
     <span class='ocr_line' id='line_1_6' title="bbox 59 664 1065 749; baseline 0.004 -21"><span class='ocrx_word' id='word_1_38' title='bbox 59 666 166 748; x_wconf 87' lang='lat' dir='ltr'>fugae,</span> <span class='ocrx_word' id='word_1_39' title='bbox 188 664 252 728; x_wconf 88' lang='lat' dir='ltr'>nisi</span> <span class='ocrx_word' id='word_1_40' title='bbox 270 664 355 747; x_wconf 92' lang='lat' dir='ltr'>quod</span> <span class='ocrx_word' id='word_1_41' title='bbox 372 664 516 729; x_wconf 93' lang='lat' dir='ltr'>nondum</span> <span class='ocrx_word' id='word_1_42' title='bbox 534 668 626 749; x_wconf 87' lang='lat' dir='ltr'>terga</span> <span class='ocrx_word' id='word_1_43' title='bbox 642 668 813 749; x_wconf 86' lang='lat' dir='ltr'>verterant,</span> <span class='ocrx_word' id='word_1_44' title='bbox 836 664 954 729; x_wconf 88' lang='lat' dir='ltr'>deerat.</span> <span class='ocrx_word' id='word_1_45' title='bbox 988 665 1065 732; x_wconf 88' lang='lat' dir='ltr'>Par-</span> 
     </span>
     <span class='ocr_line' id='line_1_7' title="bbox 60 752 1065 836; baseline 0.006 -21"><span class='ocrx_word' id='word_1_46' title='bbox 60 753 165 816; x_wconf 93' lang='lat' dir='ltr'>menio</span> <span class='ocrx_word' id='word_1_47' title='bbox 194 754 304 816; x_wconf 91' lang='lat' dir='ltr'>tamen</span> <span class='ocrx_word' id='word_1_48' title='bbox 330 752 476 836; x_wconf 88' lang='lat' dir='ltr'>ignarus,</span> <span class='ocrx_word' id='word_1_49' title='bbox 499 774 657 836; x_wconf 84' lang='lat' dir='ltr'>quaenam</span> <span class='ocrx_word' id='word_1_50' title='bbox 682 753 718 816; x_wconf 93' lang='lat' dir='ltr'>in</span> <span class='ocrx_word' id='word_1_51' title='bbox 745 753 856 818; x_wconf 84' lang='lat' dir='ltr'>dextro</span> <span class='ocrx_word' id='word_1_52' title='bbox 878 774 979 819; x_wconf 91' lang='lat' dir='ltr'>cornu</span> <span class='ocrx_word' id='word_1_53' title='bbox 1001 754 1065 820; x_wconf 89' lang='lat' dir='ltr'>for·</span> 
     </span>
     <span class='ocr_line' id='line_1_8' title="bbox 59 837 1100 929; baseline 0.006 -25"><span class='ocrx_word' id='word_1_54' title='bbox 59 844 139 904; x_wconf 86' lang='lat' dir='ltr'>tuna</span> <span class='ocrx_word' id='word_1_55' title='bbox 165 840 252 924; x_wconf 90' lang='lat' dir='ltr'>regis</span> <span class='ocrx_word' id='word_1_56' title='bbox 280 843 376 924; x_wconf 89' lang='lat' dir='ltr'>esset,</span> <span class='ocrx_word' id='word_1_57' title='bbox 404 840 557 923; x_wconf 75' lang='lat' dir='ltr'>repressit</span> <span class='ocrx_word' id='word_1_58' title='bbox 579 862 667 905; x_wconf 91' lang='lat' dir='ltr'>suos:</span> <span class='ocrx_word' id='word_1_59' title='bbox 699 840 847 905; x_wconf 83' lang='lat' dir='ltr'>Mazaeus</span> <span class='ocrx_word' id='word_1_60' title='bbox 871 837 946 906; x_wconf 84' lang='lat' dir='ltr'>dato</span> <span class='ocrx_word' id='word_1_61' title='bbox 968 842 1100 929; x_wconf 64' lang='lat' dir='ltr'>fugae?</span> 
     </span>
     <span class='ocr_line' id='line_1_9' title="bbox 59 927 1065 1012; baseline 0.004 -20"><span class='ocrx_word' id='word_1_62' title='bbox 59 929 163 1012; x_wconf 84' lang='lat' dir='ltr'>spatio</span> <span class='ocrx_word' id='word_1_63' title='bbox 186 948 253 992; x_wconf 92' lang='lat' dir='ltr'>non</span> <span class='ocrx_word' id='word_1_64' title='bbox 275 931 363 992; x_wconf 90' lang='lat' dir='ltr'>recto</span> <span class='ocrx_word' id='word_1_65' title='bbox 390 927 517 1011; x_wconf 91' lang='lat' dir='ltr'>itinere,</span> <span class='ocrx_word' id='word_1_66' title='bbox 549 928 605 992; x_wconf 88' lang='lat' dir='ltr'>sed</span> <span class='ocrx_word' id='word_1_67' title='bbox 630 928 750 993; x_wconf 88' lang='lat' dir='ltr'>maiore</span> <span class='ocrx_word' id='word_1_68' title='bbox 773 932 805 994; x_wconf 89' lang='lat' dir='ltr'>et</span> <span class='ocrx_word' id='word_1_69' title='bbox 828 930 869 994; x_wconf 91' lang='lat' dir='ltr'>ob</span> <span class='ocrx_word' id='word_1_70' title='bbox 891 930 925 994; x_wconf 93' lang='lat' dir='ltr'>id</span> <span class='ocrx_word' id='word_1_71' title='bbox 946 933 1065 997; x_wconf 88' lang='lat' dir='ltr'>tutiore</span> 
     </span>
     <span class='ocr_line' id='line_1_10' title="bbox 59 1014 1065 1104; baseline 0.005 -24"><span class='ocrx_word' id='word_1_72' title='bbox 59 1017 193 1081; x_wconf 87' lang='lat' dir='ltr'>circuitu</span> <span class='ocrx_word' id='word_1_73' title='bbox 219 1014 333 1100; x_wconf 79' lang='lat' dir='ltr'>Tigrin</span> <span class='ocrx_word' id='word_1_74' title='bbox 364 1017 495 1098; x_wconf 89' lang='lat' dir='ltr'>superat</span> <span class='ocrx_word' id='word_1_75' title='bbox 526 1018 559 1079; x_wconf 90' lang='lat' dir='ltr'>et</span> <span class='ocrx_word' id='word_1_76' title='bbox 584 1014 797 1099; x_wconf 87' lang='lat' dir='ltr'>Babyloniam</span> <span class='ocrx_word' id='word_1_77' title='bbox 824 1039 896 1082; x_wconf 91' lang='lat' dir='ltr'>cum</span> <span class='ocrx_word' id='word_1_78' title='bbox 922 1020 1065 1104; x_wconf 90' lang='lat' dir='ltr'>reliquiis</span> 
     </span>
     <span class='ocr_line' id='line_1_11' title="bbox 60 1104 959 1169; baseline -0.003 -1"><span class='ocrx_word' id='word_1_79' title='bbox 60 1104 176 1169; x_wconf 87' lang='lat' dir='ltr'>devicti</span> <span class='ocrx_word' id='word_1_80' title='bbox 199 1104 353 1167; x_wconf 87' lang='lat' dir='ltr'>exercitus</span> <span class='ocrx_word' id='word_1_81' title='bbox 375 1104 485 1167; x_wconf 90' lang='lat' dir='ltr'>intrat.</span> <span class='ocrx_word' id='word_1_82' title='bbox 957 1129 959 1133; x_wconf 59' lang='grc'>’</span> 
     </span>
    </p>

    <p class='ocr_par' dir='ltr' id='par_1_3' title="bbox 11 1189 1101 1977">
     <span class='ocr_line' id='line_1_12' title="bbox 11 1189 1101 1276; baseline 0.006 -22"><span class='ocrx_word' id='word_1_83' title='bbox 11 1192 64 1276; x_wconf 38' lang='grc'>61,</span> <span class='ocrx_word' id='word_1_84' title='bbox 148 1190 271 1256; x_wconf 87' lang='lat' dir='ltr'>Dareus</span> <span class='ocrx_word' id='word_1_85' title='bbox 292 1192 402 1274; x_wconf 84' lang='lat' dir='ltr'>paucis</span> <span class='ocrx_word' id='word_1_86' title='bbox 424 1190 521 1275; x_wconf 86' lang='lat' dir='ltr'>fugae</span> <span class='ocrx_word' id='word_1_87' title='bbox 544 1191 715 1255; x_wconf 88' lang='lat' dir='ltr'>comitibus</span> <span class='ocrx_word' id='word_1_88' title='bbox 738 1190 778 1255; x_wconf 86' lang='lat' dir='ltr'>ad</span> <span class='ocrx_word' id='word_1_89' title='bbox 795 1189 920 1275; x_wconf 82' lang='lat' dir='ltr'>Lycum</span> <span class='ocrx_word' id='word_1_90' title='bbox 938 1216 1066 1259; x_wconf 90' lang='lat' dir='ltr'>amnem</span> <span class='ocrx_word' id='word_1_91' title='bbox 1084 1212 1101 1260; x_wconf 87' lang='lat'><em>8</em></span> 
     </span>
     <span class='ocr_line' id='line_1_13' title="bbox 61 1278 1066 1365; baseline 0.001 -21"><span class='ocrx_word' id='word_1_92' title='bbox 61 1279 283 1344; x_wconf 88' lang='lat' dir='ltr'>contenderat:</span> <span class='ocrx_word' id='word_1_93' title='bbox 315 1301 378 1363; x_wconf 91' lang='lat' dir='ltr'>quo</span> <span class='ocrx_word' id='word_1_94' title='bbox 405 1279 538 1343; x_wconf 90' lang='lat' dir='ltr'>traiecto</span> <span class='ocrx_word' id='word_1_95' title='bbox 566 1278 736 1361; x_wconf 89' lang='lat' dir='ltr'>dubitavit,</span> <span class='ocrx_word' id='word_1_96' title='bbox 764 1301 806 1342; x_wconf 92' lang='lat' dir='ltr'>an</span> <span class='ocrx_word' id='word_1_97' title='bbox 829 1279 966 1345; x_wconf 88' lang='lat' dir='ltr'>solveret</span> <span class='ocrx_word' id='word_1_98' title='bbox 987 1304 1066 1365; x_wconf 92' lang='lat' dir='ltr'>pon-</span> 
     </span>
     <span class='ocr_line' id='line_1_14' title="bbox 59 1365 1067 1451; baseline 0.004 -21"><span class='ocrx_word' id='word_1_99' title='bbox 59 1370 139 1449; x_wconf 91' lang='lat' dir='ltr'>tem,</span> <span class='ocrx_word' id='word_1_100' title='bbox 162 1367 278 1451; x_wconf 88' lang='lat' dir='ltr'>quippe</span> <span class='ocrx_word' id='word_1_101' title='bbox 300 1366 427 1431; x_wconf 90' lang='lat' dir='ltr'>hostem</span> <span class='ocrx_word' id='word_1_102' title='bbox 449 1367 514 1431; x_wconf 87' lang='lat' dir='ltr'>iam</span> <span class='ocrx_word' id='word_1_103' title='bbox 538 1366 647 1431; x_wconf 90' lang='lat' dir='ltr'>adfore</span> <span class='ocrx_word' id='word_1_104' title='bbox 668 1367 888 1431; x_wconf 78' lang='lat' dir='ltr'>nuntiabatur.</span> <span class='ocrx_word' id='word_1_105' title='bbox 933 1365 994 1433; x_wconf 84' lang='lat' dir='ltr'>Sed</span> <span class='ocrx_word' id='word_1_106' title='bbox 1016 1372 1067 1434; x_wconf 93' lang='lat' dir='ltr'>tot</span> 
     </span>
     <span class='ocr_line' id='line_1_15' title="bbox 60 1454 1067 1542; baseline 0.002 -23"><span class='ocrx_word' id='word_1_107' title='bbox 60 1456 149 1519; x_wconf 89' lang='lat' dir='ltr'>milia</span> <span class='ocrx_word' id='word_1_108' title='bbox 176 1475 322 1538; x_wconf 88' lang='lat' dir='ltr'>suorum,</span> <span class='ocrx_word' id='word_1_109' title='bbox 354 1476 435 1538; x_wconf 91' lang='lat' dir='ltr'>quae</span> <span class='ocrx_word' id='word_1_110' title='bbox 461 1455 605 1520; x_wconf 91' lang='lat' dir='ltr'>nondum</span> <span class='ocrx_word' id='word_1_111' title='bbox 632 1454 672 1518; x_wconf 92' lang='lat' dir='ltr'>ad</span> <span class='ocrx_word' id='word_1_112' title='bbox 699 1476 825 1519; x_wconf 88' lang='lat' dir='ltr'>amnem</span> <span class='ocrx_word' id='word_1_113' title='bbox 846 1462 1067 1542; x_wconf 88' lang='lat' dir='ltr'>pervenerant,</span> 
     </span>
     <span class='ocr_line' id='line_1_16' title="bbox 59 1542 1101 1630; baseline 0.005 -23"><span class='ocrx_word' id='word_1_114' title='bbox 59 1547 157 1627; x_wconf 92' lang='lat' dir='ltr'>ponte</span> <span class='ocrx_word' id='word_1_115' title='bbox 179 1543 314 1607; x_wconf 89' lang='lat' dir='ltr'>rescisso</span> <span class='ocrx_word' id='word_1_116' title='bbox 331 1542 460 1606; x_wconf 90' lang='lat' dir='ltr'>videbat</span> <span class='ocrx_word' id='word_1_117' title='bbox 476 1543 579 1608; x_wconf 91' lang='lat' dir='ltr'>hostis</span> <span class='ocrx_word' id='word_1_118' title='bbox 597 1542 749 1626; x_wconf 91' lang='lat' dir='ltr'>praedam</span> <span class='ocrx_word' id='word_1_119' title='bbox 766 1542 844 1607; x_wconf 89' lang='lat' dir='ltr'>fore.</span> <span class='ocrx_word' id='word_1_120' title='bbox 874 1543 1067 1630; x_wconf 84' lang='lat' dir='ltr'>Abeuntem,</span> <span class='ocrx_word' id='word_1_121' title='bbox 1085 1565 1101 1612; x_wconf 83' lang='lat' dir='ltr'>e</span> 
     </span>
     <span class='ocr_line' id='line_1_17' title="bbox 60 1629 1067 1714; baseline 0.004 -20"><span class='ocrx_word' id='word_1_122' title='bbox 60 1653 133 1695; x_wconf 92' lang='lat' dir='ltr'>cum</span> <span class='ocrx_word' id='word_1_123' title='bbox 159 1631 316 1694; x_wconf 88' lang='lat' dir='ltr'>intactum</span> <span class='ocrx_word' id='word_1_124' title='bbox 344 1631 464 1695; x_wconf 90' lang='lat' dir='ltr'>sineret</span> <span class='ocrx_word' id='word_1_125' title='bbox 488 1634 635 1714; x_wconf 91' lang='lat' dir='ltr'>pontem,</span> <span class='ocrx_word' id='word_1_126' title='bbox 661 1629 778 1695; x_wconf 85' lang='lat' dir='ltr'>dixisse</span> <span class='ocrx_word' id='word_1_127' title='bbox 800 1634 940 1714; x_wconf 88' lang='lat' dir='ltr'>constat,</span> <span class='ocrx_word' id='word_1_128' title='bbox 970 1633 1067 1698; x_wconf 87' lang='lat' dir='ltr'>malle</span> 
     </span>
     <span class='ocr_line' id='line_1_18' title="bbox 61 1718 1067 1803; baseline 0.001 -20"><span class='ocrx_word' id='word_1_129' title='bbox 61 1741 95 1783; x_wconf 91' lang='lat' dir='ltr'>se</span> <span class='ocrx_word' id='word_1_130' title='bbox 127 1719 332 1802; x_wconf 89' lang='lat' dir='ltr'>sequentibus</span> <span class='ocrx_word' id='word_1_131' title='bbox 364 1719 425 1782; x_wconf 89' lang='lat' dir='ltr'>iter</span> <span class='ocrx_word' id='word_1_132' title='bbox 457 1719 547 1802; x_wconf 91' lang='lat' dir='ltr'>dare,</span> <span class='ocrx_word' id='word_1_133' title='bbox 579 1740 675 1802; x_wconf 92' lang='lat' dir='ltr'>quam</span> <span class='ocrx_word' id='word_1_134' title='bbox 708 1718 831 1782; x_wconf 88' lang='lat' dir='ltr'>auferre</span> <span class='ocrx_word' id='word_1_135' title='bbox 860 1719 1067 1803; x_wconf 87' lang='lat' dir='ltr'>fugientibus.</span> 
     </span>
     <span class='ocr_line' id='line_1_19' title="bbox 59 1805 1067 1891; baseline 0.001 -20"><span class='ocrx_word' id='word_1_136' title='bbox 59 1807 134 1890; x_wconf 88' lang='lat' dir='ltr'>Ipse</span> <span class='ocrx_word' id='word_1_137' title='bbox 160 1807 275 1890; x_wconf 87' lang='lat' dir='ltr'>ingens</span> <span class='ocrx_word' id='word_1_138' title='bbox 303 1806 443 1890; x_wconf 88' lang='lat' dir='ltr'>spatium</span> <span class='ocrx_word' id='word_1_139' title='bbox 469 1805 549 1891; x_wconf 89' lang='lat' dir='ltr'>fuga</span> <span class='ocrx_word' id='word_1_140' title='bbox 575 1827 722 1870; x_wconf 88' lang='lat' dir='ltr'>emensus</span> <span class='ocrx_word' id='word_1_141' title='bbox 750 1805 855 1869; x_wconf 86' lang='lat' dir='ltr'>medie</span> <span class='ocrx_word' id='word_1_142' title='bbox 880 1807 948 1870; x_wconf 86' lang='lat' dir='ltr'>fere</span> <span class='ocrx_word' id='word_1_143' title='bbox 972 1811 1067 1872; x_wconf 89' lang='lat' dir='ltr'>noete</span> 
     </span>
     <span class='ocr_line' id='line_1_20' title="bbox 59 1894 357 1977; baseline 0 -19"><span class='ocrx_word' id='word_1_144' title='bbox 59 1894 182 1958; x_wconf 84' lang='lat' dir='ltr'>Arbela</span> <span class='ocrx_word' id='word_1_145' title='bbox 203 1894 357 1977; x_wconf 89' lang='lat' dir='ltr'>pervenit.</span> 
     </span>
    </p>

    <p class='ocr_par' dir='ltr' id='par_1_4' title="bbox 60 1980 1120 2767">
     <span class='ocr_line' id='line_1_21' title="bbox 150 1980 1119 2065; baseline 0.005 -19"><span class='ocrx_word' id='word_1_146' title='bbox 150 1981 228 2058; x_wconf 78' lang='lat' dir='ltr'>Quis</span> <span class='ocrx_word' id='word_1_147' title='bbox 250 1985 301 2046; x_wconf 91' lang='lat' dir='ltr'>tot</span> <span class='ocrx_word' id='word_1_148' title='bbox 322 1981 461 2046; x_wconf 88' lang='lat' dir='ltr'>ludibria</span> <span class='ocrx_word' id='word_1_149' title='bbox 482 1980 639 2064; x_wconf 87' lang='lat' dir='ltr'>fortunae,</span> <span class='ocrx_word' id='word_1_150' title='bbox 662 1982 786 2065; x_wconf 89' lang='lat' dir='ltr'>ducum,</span> <span class='ocrx_word' id='word_1_151' title='bbox 809 1982 974 2065; x_wconf 79' lang='lat' dir='ltr'>agminum</span> <span class='ocrx_word' id='word_1_152' title='bbox 997 2004 1065 2047; x_wconf 89' lang='lat' dir='ltr'>cae·</span> <span class='ocrx_word' id='word_1_153' title='bbox 1087 2002 1119 2051; x_wconf 89' lang='lat'>10</span> 
     </span>
     <span class='ocr_line' id='line_1_22' title="bbox 60 2069 1067 2154; baseline 0.002 -21"><span class='ocrx_word' id='word_1_154' title='bbox 60 2070 134 2134; x_wconf 91' lang='lat' dir='ltr'>dem</span> <span class='ocrx_word' id='word_1_155' title='bbox 156 2069 376 2153; x_wconf 84' lang='lat' dir='ltr'>multiplicem,</span> <span class='ocrx_word' id='word_1_156' title='bbox 399 2069 596 2149; x_wconf 89' lang='lat' dir='ltr'>devictorum</span> <span class='ocrx_word' id='word_1_157' title='bbox 617 2069 743 2154; x_wconf 85' lang='lat' dir='ltr'>fugam,</span> <span class='ocrx_word' id='word_1_158' title='bbox 766 2069 870 2133; x_wconf 88' lang='lat' dir='ltr'>clades</span> <span class='ocrx_word' id='word_1_159' title='bbox 893 2091 979 2135; x_wconf 89' lang='lat' dir='ltr'>nuno</span> <span class='ocrx_word' id='word_1_160' title='bbox 1002 2071 1067 2135; x_wconf 92' lang='lat' dir='ltr'>sin-</span> 
     </span>
     <span class='ocr_line' id='line_1_23' title="bbox 60 2157 1068 2242; baseline 0.005 -23"><span class='ocrx_word' id='word_1_161' title='bbox 60 2157 222 2242; x_wconf 88' lang='lat' dir='ltr'>gulorum,</span> <span class='ocrx_word' id='word_1_162' title='bbox 251 2179 337 2221; x_wconf 89' lang='lat' dir='ltr'>nune</span> <span class='ocrx_word' id='word_1_163' title='bbox 364 2157 585 2222; x_wconf 91' lang='lat' dir='ltr'>universorum</span> <span class='ocrx_word' id='word_1_164' title='bbox 608 2160 664 2221; x_wconf 93' lang='lat' dir='ltr'>aut</span> <span class='ocrx_word' id='word_1_165' title='bbox 686 2158 793 2222; x_wconf 87' lang='lat' dir='ltr'>animo</span> <span class='ocrx_word' id='word_1_166' title='bbox 817 2157 950 2242; x_wconf 86' lang='lat' dir='ltr'>adsequi</span> <span class='ocrx_word' id='word_1_167' title='bbox 971 2162 1068 2242; x_wconf 89' lang='lat' dir='ltr'>queat</span> 
     </span>
     <span class='ocr_line' id='line_1_24' title="bbox 61 2244 1068 2329; baseline 0.001 -19"><span class='ocrx_word' id='word_1_168' title='bbox 61 2249 119 2310; x_wconf 89' lang='lat' dir='ltr'>aut</span> <span class='ocrx_word' id='word_1_169' title='bbox 147 2245 292 2310; x_wconf 87' lang='lat' dir='ltr'>oratione</span> <span class='ocrx_word' id='word_1_170' title='bbox 319 2244 503 2329; x_wconf 81' lang='lat' dir='ltr'>conplecti?</span> <span class='ocrx_word' id='word_1_171' title='bbox 547 2244 781 2328; x_wconf 87' lang='lat' dir='ltr'>Propemodum</span> <span class='ocrx_word' id='word_1_172' title='bbox 809 2246 928 2310; x_wconf 89' lang='lat' dir='ltr'>saeculi</span> <span class='ocrx_word' id='word_1_173' title='bbox 955 2269 1006 2311; x_wconf 90' lang='lat' dir='ltr'>res</span> <span class='ocrx_word' id='word_1_174' title='bbox 1032 2248 1068 2311; x_wconf 87' lang='lat' dir='ltr'>in</span> 
     </span>
     <span class='ocr_line' id='line_1_25' title="bbox 64 2333 1118 2417; baseline 0.003 -20"><span class='ocrx_word' id='word_1_175' title='bbox 64 2354 166 2397; x_wconf 91' lang='lat' dir='ltr'>unum</span> <span class='ocrx_word' id='word_1_176' title='bbox 192 2333 284 2396; x_wconf 92' lang='lat' dir='ltr'>illum</span> <span class='ocrx_word' id='word_1_177' title='bbox 311 2333 408 2415; x_wconf 90' lang='lat' dir='ltr'>diem,</span> <span class='ocrx_word' id='word_1_178' title='bbox 436 2355 507 2416; x_wconf 92' lang='lat' dir='ltr'>pro,</span> <span class='ocrx_word' id='word_1_179' title='bbox 534 2333 665 2397; x_wconf 88' lang='lat' dir='ltr'>fortuna</span> <span class='ocrx_word' id='word_1_180' title='bbox 688 2334 869 2398; x_wconf 84' lang='lat' dir='ltr'>cumulavit</span> <span class='ocrx_word' id='word_1_181' title='bbox 913 2334 980 2397; x_wconf 86' lang='lat' dir='ltr'>Alii</span> <span class='ocrx_word' id='word_1_182' title='bbox 1003 2355 1067 2417; x_wconf 91' lang='lat' dir='ltr'>qna</span> <span class='ocrx_word' id='word_1_183' title='bbox 1087 2353 1118 2404; x_wconf 90' lang='lat'>11</span> 
     </span>
     <span class='ocr_line' id='line_1_26' title="bbox 60 2420 1067 2505; baseline 0.001 -20"><span class='ocrx_word' id='word_1_184' title='bbox 60 2420 284 2486; x_wconf 90' lang='lat' dir='ltr'>brevissimum</span> <span class='ocrx_word' id='word_1_185' title='bbox 306 2421 439 2504; x_wconf 87' lang='lat' dir='ltr'>patebat</span> <span class='ocrx_word' id='word_1_186' title='bbox 459 2421 529 2498; x_wconf 88' lang='lat' dir='ltr'>iter,</span> <span class='ocrx_word' id='word_1_187' title='bbox 552 2421 606 2484; x_wconf 89' lang='lat' dir='ltr'>alii</span> <span class='ocrx_word' id='word_1_188' title='bbox 629 2420 737 2485; x_wconf 90' lang='lat' dir='ltr'>devios</span> <span class='ocrx_word' id='word_1_189' title='bbox 761 2421 861 2485; x_wconf 89' lang='lat' dir='ltr'>saltus</span> <span class='ocrx_word' id='word_1_190' title='bbox 884 2424 916 2485; x_wconf 90' lang='lat' dir='ltr'>et</span> <span class='ocrx_word' id='word_1_191' title='bbox 938 2421 1067 2505; x_wconf 87' lang='lat' dir='ltr'>ignotas</span> 
     </span>
     <span class='ocr_line' id='line_1_27' title="bbox 62 2507 1068 2592; baseline -0.001 -19"><span class='ocrx_word' id='word_1_192' title='bbox 62 2509 271 2592; x_wconf 85' lang='lat' dir='ltr'>sequentibus</span> <span class='ocrx_word' id='word_1_193' title='bbox 298 2509 394 2572; x_wconf 87' lang='lat' dir='ltr'>calles</span> <span class='ocrx_word' id='word_1_194' title='bbox 422 2509 585 2592; x_wconf 85' lang='lat' dir='ltr'>petebant</span> <span class='ocrx_word' id='word_1_195' title='bbox 628 2507 737 2592; x_wconf 83' lang='lat' dir='ltr'>Eques</span> <span class='ocrx_word' id='word_1_196' title='bbox 760 2509 919 2592; x_wconf 90' lang='lat' dir='ltr'>pedesque</span> <span class='ocrx_word' id='word_1_197' title='bbox 942 2508 1068 2572; x_wconf 87' lang='lat' dir='ltr'>confusi</span> 
     </span>
     <span class='ocr_line' id='line_1_28' title="bbox 61 2594 1069 2680; baseline 0 -20"><span class='ocrx_word' id='word_1_198' title='bbox 61 2597 133 2661; x_wconf 85' lang='lat' dir='ltr'>sine</span> <span class='ocrx_word' id='word_1_199' title='bbox 160 2596 252 2678; x_wconf 91' lang='lat' dir='ltr'>duce,</span> <span class='ocrx_word' id='word_1_200' title='bbox 287 2596 420 2661; x_wconf 88' lang='lat' dir='ltr'>armatis</span> <span class='ocrx_word' id='word_1_201' title='bbox 446 2596 597 2678; x_wconf 88' lang='lat' dir='ltr'>inermes,</span> <span class='ocrx_word' id='word_1_202' title='bbox 629 2596 762 2680; x_wconf 80' lang='lat' dir='ltr'>integris</span> <span class='ocrx_word' id='word_1_203' title='bbox 790 2594 911 2660; x_wconf 90' lang='lat' dir='ltr'>debiles</span> <span class='ocrx_word' id='word_1_204' title='bbox 937 2595 1069 2678; x_wconf 91' lang='lat' dir='ltr'>inplica-</span> 
     </span>
     <span class='ocr_line' id='line_1_29' title="bbox 60 2682 1120 2767; baseline 0.003 -18"><span class='ocrx_word' id='word_1_205' title='bbox 60 2685 190 2750; x_wconf 82' lang='lat' dir='ltr'>bantur.</span> <span class='ocrx_word' id='word_1_206' title='bbox 234 2682 357 2748; x_wconf 91' lang='lat' dir='ltr'>Deinde</span> <span class='ocrx_word' id='word_1_207' title='bbox 379 2683 596 2748; x_wconf 88' lang='lat' dir='ltr'>misericordia</span> <span class='ocrx_word' id='word_1_208' title='bbox 617 2683 652 2746; x_wconf 91' lang='lat' dir='ltr'>in</span> <span class='ocrx_word' id='word_1_209' title='bbox 674 2684 796 2749; x_wconf 89' lang='lat' dir='ltr'>metum</span> <span class='ocrx_word' id='word_1_210' title='bbox 817 2703 918 2767; x_wconf 85' lang='lat' dir='ltr'>versa,</span> <span class='ocrx_word' id='word_1_211' title='bbox 943 2684 998 2767; x_wconf 90' lang='lat' dir='ltr'>qui</span> <span class='ocrx_word' id='word_1_212' title='bbox 1021 2704 1068 2748; x_wconf 89' lang='lat' dir='ltr'>se·</span> <span class='ocrx_word' id='word_1_213' title='bbox 1089 2705 1120 2754; x_wconf 79' lang='lat' dir='ltr'>la</span> 
     </span>
    </p>

    <p class='ocr_par' dir='ltr' id='par_1_5' title="bbox 59 2770 1121 3385">
     <span class='ocr_line' id='line_1_30' title="bbox 83 2770 1068 2855; baseline 0.001 -20"><span class='ocrx_word' id='word_1_214' title='bbox 83 2771 120 2835; x_wconf 89' lang='lat' dir='ltr'>ui</span> <span class='ocrx_word' id='word_1_215' title='bbox 142 2792 210 2835; x_wconf 93' lang='lat' dir='ltr'>non</span> <span class='ocrx_word' id='word_1_216' title='bbox 232 2775 389 2855; x_wconf 88' lang='lat' dir='ltr'>poterant,</span> <span class='ocrx_word' id='word_1_217' title='bbox 413 2772 497 2835; x_wconf 89' lang='lat' dir='ltr'>inter</span> <span class='ocrx_word' id='word_1_218' title='bbox 519 2773 647 2834; x_wconf 91' lang='lat' dir='ltr'>mutuos</span> <span class='ocrx_word' id='word_1_219' title='bbox 671 2771 808 2855; x_wconf 86' lang='lat' dir='ltr'>gemitus</span> <span class='ocrx_word' id='word_1_220' title='bbox 831 2770 1068 2837; x_wconf 84' lang='lat' dir='ltr'>deserebantur.</span> 
     </span>
     <span class='ocr_line' id='line_1_31' title="bbox 60 2794 1068 2943; baseline -0.003 -17"><span class='ocrx_word' id='word_1_221' title='bbox 60 2794 142 2926; x_wconf 66' lang='lat' dir='ltr'>ditis</span> <span class='ocrx_word' id='word_1_222' title='bbox 164 2859 332 2942; x_wconf 88' lang='lat' dir='ltr'>praecipue</span> <span class='ocrx_word' id='word_1_223' title='bbox 354 2860 509 2943; x_wconf 87' lang='lat' dir='ltr'>fatigatos</span> <span class='ocrx_word' id='word_1_224' title='bbox 533 2861 566 2922; x_wconf 89' lang='lat' dir='ltr'>et</span> <span class='ocrx_word' id='word_1_225' title='bbox 588 2859 713 2923; x_wconf 87' lang='lat' dir='ltr'>saucios</span> <span class='ocrx_word' id='word_1_226' title='bbox 733 2860 912 2943; x_wconf 85' lang='lat' dir='ltr'>perurebat,</span> <span class='ocrx_word' id='word_1_227' title='bbox 933 2860 1068 2942; x_wconf 85' lang='lat' dir='ltr'>pessim-</span> 
     </span>
     <span class='ocr_line' id='line_1_32' title="bbox 60 2947 1068 3034; baseline 0.002 -23"><span class='ocrx_word' id='word_1_228' title='bbox 60 2969 123 3034; x_wconf 92' lang='lat' dir='ltr'>que</span> <span class='ocrx_word' id='word_1_229' title='bbox 152 2947 299 3012; x_wconf 89' lang='lat' dir='ltr'>omnibus</span> <span class='ocrx_word' id='word_1_230' title='bbox 325 2948 402 3011; x_wconf 89' lang='lat' dir='ltr'>rivis</span> <span class='ocrx_word' id='word_1_231' title='bbox 425 2949 667 3031; x_wconf 83' lang='lat' dir='ltr'>prostraverant</span> <span class='ocrx_word' id='word_1_232' title='bbox 689 2968 822 3030; x_wconf 88' lang='lat' dir='ltr'>corpora</span> <span class='ocrx_word' id='word_1_233' title='bbox 843 2948 1068 3031; x_wconf 87' lang='lat' dir='ltr'>praeterfluen-</span> 
     </span>
     <span class='ocr_line' id='line_1_33' title="bbox 59 3033 1121 3120; baseline 0.005 -21"><span class='ocrx_word' id='word_1_234' title='bbox 59 3040 129 3100; x_wconf 92' lang='lat' dir='ltr'>tem</span> <span class='ocrx_word' id='word_1_235' title='bbox 160 3056 276 3120; x_wconf 91' lang='lat' dir='ltr'>aquam</span> <span class='ocrx_word' id='word_1_236' title='bbox 306 3034 411 3099; x_wconf 89' lang='lat' dir='ltr'>hianti</span> <span class='ocrx_word' id='word_1_237' title='bbox 442 3057 496 3100; x_wconf 91' lang='lat' dir='ltr'>ore</span> <span class='ocrx_word' id='word_1_238' title='bbox 525 3038 699 3118; x_wconf 90' lang='lat' dir='ltr'>captantes.</span> <span class='ocrx_word' id='word_1_239' title='bbox 749 3033 852 3110; x_wconf 78' lang='lat' dir='ltr'>Quam</span> <span class='ocrx_word' id='word_1_240' title='bbox 879 3057 951 3099; x_wconf 87' lang='lat' dir='ltr'>eum</span> <span class='ocrx_word' id='word_1_241' title='bbox 979 3036 1121 3105; x_wconf 81' lang='lat' dir='ltr'>evidere</span> 
     </span>
     <span class='ocr_line' id='line_1_34' title="bbox 59 3122 1068 3207; baseline 0 -20"><span class='ocrx_word' id='word_1_242' title='bbox 59 3123 224 3188; x_wconf 88' lang='lat' dir='ltr'>turbidam</span> <span class='ocrx_word' id='word_1_243' title='bbox 246 3123 441 3201; x_wconf 87' lang='lat' dir='ltr'>hausissent,</span> <span class='ocrx_word' id='word_1_244' title='bbox 462 3122 677 3187; x_wconf 91' lang='lat' dir='ltr'>tendebantur</span> <span class='ocrx_word' id='word_1_245' title='bbox 699 3124 858 3206; x_wconf 86' lang='lat' dir='ltr'>extemplo</span> <span class='ocrx_word' id='word_1_246' title='bbox 881 3124 1068 3207; x_wconf 86' lang='lat' dir='ltr'>praecordia</span> 
     </span>
     <span class='ocr_line' id='line_1_35' title="bbox 61 3211 1069 3296; baseline 0.002 -22"><span class='ocrx_word' id='word_1_247' title='bbox 61 3215 227 3296; x_wconf 91' lang='lat' dir='ltr'>premente</span> <span class='ocrx_word' id='word_1_248' title='bbox 258 3212 336 3276; x_wconf 90' lang='lat' dir='ltr'>limo</span> <span class='ocrx_word' id='word_1_249' title='bbox 368 3211 580 3295; x_wconf 87' lang='lat' dir='ltr'>resolutisque</span> <span class='ocrx_word' id='word_1_250' title='bbox 612 3214 645 3275; x_wconf 87' lang='lat' dir='ltr'>et</span> <span class='ocrx_word' id='word_1_251' title='bbox 675 3212 876 3294; x_wconf 89' lang='lat' dir='ltr'>torpentibus</span> <span class='ocrx_word' id='word_1_252' title='bbox 908 3211 1069 3295; x_wconf 89' lang='lat' dir='ltr'>membris,</span> 
     </span>
     <span class='ocr_line' id='line_1_36' title="bbox 62 3298 1069 3385; baseline -0.002 -21"><span class='ocrx_word' id='word_1_253' title='bbox 62 3321 136 3364; x_wconf 88' lang='lat' dir='ltr'>cum</span> <span class='ocrx_word' id='word_1_254' title='bbox 164 3300 401 3385; x_wconf 85' lang='lat' dir='ltr'>supervenisset</span> <span class='ocrx_word' id='word_1_255' title='bbox 422 3298 539 3383; x_wconf 84' lang='lat' dir='ltr'>hostie,</span> <span class='ocrx_word' id='word_1_256' title='bbox 568 3299 659 3363; x_wconf 88' lang='lat' dir='ltr'>novis</span> <span class='ocrx_word' id='word_1_257' title='bbox 682 3299 865 3363; x_wconf 90' lang='lat' dir='ltr'>vulneribus</span> <span class='ocrx_word' id='word_1_258' title='bbox 889 3299 1069 3364; x_wconf 87' lang='lat' dir='ltr'>excitaban-</span> 
     </span>
    </p>

    <p class='ocr_par' dir='ltr' id='par_1_6' title="bbox 59 3386 1120 3472">
     <span class='ocr_line' id='line_1_37' title="bbox 59 3386 1120 3472; baseline 0.004 -20"><span class='ocrx_word' id='word_1_259' title='bbox 59 3392 125 3453; x_wconf 85' lang='lat' dir='ltr'>tur.</span> <span class='ocrx_word' id='word_1_260' title='bbox 161 3387 298 3464; x_wconf 80' lang='lat' dir='ltr'>Quidam</span> <span class='ocrx_word' id='word_1_261' title='bbox 321 3388 485 3472; x_wconf 90' lang='lat' dir='ltr'>occupatis</span> <span class='ocrx_word' id='word_1_262' title='bbox 506 3386 659 3471; x_wconf 86' lang='lat' dir='ltr'>proximis</span> <span class='ocrx_word' id='word_1_263' title='bbox 682 3387 760 3451; x_wconf 92' lang='lat' dir='ltr'>rivis</span> <span class='ocrx_word' id='word_1_264' title='bbox 780 3387 983 3452; x_wconf 86' lang='lat' dir='ltr'>deverterant</span> <span class='ocrx_word' id='word_1_265' title='bbox 999 3387 1068 3451; x_wconf 92' lang='lat' dir='ltr'>lon·</span> <span class='ocrx_word' id='word_1_266' title='bbox 1088 3407 1120 3456; x_wconf 78' lang='lat'>14</span> 
     </span>
    </p>

    <p class='ocr_par' dir='ltr' id='par_1_7' title="bbox 60 3474 1076 3562">
     <span class='ocr_line' id='line_1_38' title="bbox 60 3474 1076 3562; baseline -0.003 -21"><span class='ocrx_word' id='word_1_267' title='bbox 60 3476 150 3562; x_wconf 86' lang='lat' dir='ltr'>gius,</span> <span class='ocrx_word' id='word_1_268' title='bbox 179 3479 229 3560; x_wconf 91' lang='lat' dir='ltr'>ut,</span> <span class='ocrx_word' id='word_1_269' title='bbox 259 3475 412 3561; x_wconf 90' lang='lat' dir='ltr'>quidquid</span> <span class='ocrx_word' id='word_1_270' title='bbox 440 3475 556 3540; x_wconf 92' lang='lat' dir='ltr'>occulti</span> <span class='ocrx_word' id='word_1_271' title='bbox 581 3474 725 3539; x_wconf 89' lang='lat' dir='ltr'>humoris</span> <span class='ocrx_word' id='word_1_272' title='bbox 753 3496 889 3559; x_wconf 88' lang='lat' dir='ltr'>usquam</span> <span class='ocrx_word' id='word_1_273' title='bbox 915 3477 1076 3555; x_wconf 79' lang='lat' dir='ltr'>manaret,</span> 
     </span>
    </p>
   </div>
   <div class='ocr_carea' id='block_1_3' title="bbox 60 3561 1099 3648">
    <p class='ocr_par' dir='ltr' id='par_1_8' title="bbox 60 3561 1099 3648">
     <span class='ocr_line' id='line_1_39' title="bbox 60 3561 1099 3648; baseline -0.013 -18"><span class='ocrx_word' id='word_1_274' title='bbox 60 3565 257 3648; x_wconf 87' lang='lat' dir='ltr'>exciperent,</span> <span class='ocrx_word' id='word_1_275' title='bbox 280 3585 339 3630; x_wconf 91' lang='lat' dir='ltr'>nec</span> <span class='ocrx_word' id='word_1_276' title='bbox 361 3564 427 3629; x_wconf 89' lang='lat' dir='ltr'>ulla</span> <span class='ocrx_word' id='word_1_277' title='bbox 450 3562 529 3630; x_wconf 89' lang='lat' dir='ltr'>adeo</span> <span class='ocrx_word' id='word_1_278' title='bbox 553 3564 625 3631; x_wconf 85' lang='lat' dir='ltr'>avia</span> <span class='ocrx_word' id='word_1_279' title='bbox 648 3566 683 3630; x_wconf 89' lang='lat' dir='ltr'>et</span> <span class='ocrx_word' id='word_1_280' title='bbox 703 3563 794 3630; x_wconf 85' lang='lat' dir='ltr'>sicca</span> <span class='ocrx_word' id='word_1_281' title='bbox 803 3563 933 3628; x_wconf 83' lang='lat' dir='ltr'>lacuna</span> <span class='ocrx_word' id='word_1_282' title='bbox 949 3564 1038 3636; x_wconf 67' lang='lat' dir='ltr'>erat,</span> <span class='ocrx_word' id='word_1_283' title='bbox 1051 3561 1099 3617; x_wconf 63' lang='lat' dir='ltr'>ut.</span> 
     </span>
    </p>
   </div>
   <div class='ocr_carea' id='block_1_4' title="bbox 0 0 1208 3900">
    <p class='ocr_par' dir='ltr' id='par_1_9' title="bbox 0 0 1208 3900">
     <span class='ocr_line' id='line_1_40' title="bbox 0 0 1208 3900; baseline 0 0"><span class='ocrx_word' id='word_1_284' title='bbox 0 0 1208 3900; x_wconf 95' lang='lat' dir='ltr'> </span> 
     </span>
    </p>
   </div>
  </div>
 </body>
</html>
