2422 3892
316 153 569 210 HISTORIARUM
586 154 800 210 ALEXANDRI
818 156 892 225 VIII,
909 162 952 213 10.
1077 157 1145 223 213

133 300 238 385 moles,
269 299 430 384 inpositae
457 301 549 363 erant
574 299 684 363 trabes
710 298 852 382 validae,
879 299 996 382 quibus
1023 300 1142 366 iniecta

133 389 283 454 tabulata
305 408 414 452 muros
438 391 472 451 et
488 388 643 472 tegebant
664 391 697 452 et
714 387 844 469 pervios
862 386 1012 452 fecerant.
1052 388 1142 455 Haec
1159 395 1199 448 ιτ

134 477 334 542 munimenta
353 476 625 558 contemplantem
648 475 867 540 Alexandrum
888 477 1076 561 consiliique
1094 478 1140 541 in-

135 569 267 648 certum,
289 565 366 648 quia
387 584 447 628 nec
469 585 621 628 cavernas
643 563 707 628 nisi
725 585 843 649 aggere
866 568 997 649 poterat
1018 565 1141 648 inplere

134 674 193 718 nec
215 655 379 718 tormenta
402 651 499 717 allter
521 652 622 717 muris
645 652 828 738 admovere,
855 652 985 737 quidam
1009 675 1026 719 e
1049 675 1140 719 muro

136 742 257 843 sagitta
278 740 437 824 percussit
459 761 541 808 eum.
585 739 682 806 Forte
704 741 739 805 in
761 762 869 806 suram
891 742 1006 807 incidit
1027 743 1141 807 telum:
1160 740 1195 799 33

135 830 224 896 cuius
261 829 386 913 spiculo
424 828 533 894 evolso
572 829 735 894 admoveri
772 851 889 913 equum
927 831 1022 895 iussit
1018 881 1042 933 .’
1078 852 1141 914 quo

135 923 244 984 vectus
272 939 313 982 ne
336 917 483 1000 obligato
513 916 640 1001 quidem
667 917 799 981 vulnere
822 917 909 982 haud
935 919 1065 1020 segnius
1089 918 1141 983 de·

135 1008 258 1072 stinata
281 1004 504 1089 exequebatur.
550 1002 699 1070 Ceterum
718 1026 791 1069 cum
810 1027 882 1070 crus
901 1007 1045 1072 saucium
1063 1029 1141 1091 pen·
1161 1014 1195 1062 2⁹

134 1095 225 1158 deret
251 1096 284 1157 et
251 1114 422 1158 ecruore
450 1094 569 1158 siccato
598 1092 773 1178 frigescens
805 1094 922 1158 vulnus
950 1095 1143 1177 adgravaret

135 1181 288 1264 dolorem,
305 1180 426 1246 dixisse
443 1179 547 1245 fertur
565 1202 599 1245 se
618 1182 747 1266 quidem
764 1182 851 1246 Iovis
869 1181 973 1246 filium
993 1182 1065 1265 dici,
1087 1182 1142 1247 sed

136 1270 279 1352 corporis
308 1269 398 1354 aegri
423 1269 505 1333 vitia
531 1270 660 1334 sentire.
703 1267 780 1334 Non
805 1272 916 1334 tamen
940 1273 1015 1334 ante
1038 1291 1072 1335 se
1094 1291 1143 1334 re·
1161 1277 1196 1326 30

135 1359 223 1441 cepit
244 1358 279 1422 in
301 1362 421 1441 castra,
449 1379 545 1441 quam
568 1363 683 1424 cuncta
705 1359 868 1441 perspexIt
895 1361 941 1440 et,
968 1378 1050 1441 quae
1072 1359 1144 1422 fieri

83 1450 125 1515 38
135 1447 243 1530 vellet,
266 1446 374 1511 edixit
416 1445 520 1530 Ergo,
542 1445 627 1511 sient
648 1446 842 1529 imperatum
866 1450 948 1529 erat,
972 1445 1029 1510 alii
1051 1449 1144 1510 extra

135 1534 249 1599 urbem
272 1537 359 1599 tecta
382 1533 638 1599 demoliebantur
656 1535 884 1619 ingentemque
902 1534 969 1599 vim
988 1535 1144 1599 materiae

135 1621 280 1686 faciendo
304 1622 416 1706 aggeri
439 1622 666 1705 detrahebant,
694 1623 750 1687 alii
777 1643 968 1706 magnarum
991 1624 1144 1687 arborum

137 1709 265 1792 stipites
298 1730 371 1774 cum
406 1708 506 1774 ramis
539 1731 577 1773 ao
608 1710 711 1774 moles
743 1731 892 1777 saxorum
924 1711 959 1774 in
990 1731 1144 1775 cavernas

136 1797 325 1861 deiciebant
373 1795 506 1879 Iamque
538 1816 637 1881 agger
664 1801 857 1880 aequaverat
883 1818 1027 1861 summae
1054 1796 1145 1861 fasti·
1163 1803 1196 1852 31

138 1885 228 1968 gium
251 1888 366 1949 terrae.
405 1883 519 1968 Itaque
542 1887 647 1949 turres
671 1884 849 1969 erigebant,
872 1906 953 1970 quae
977 1906 1075 1968 opera
1097 1886 1144 1950 in·

138 1973 226 2056 genti
250 1973 393 2037 militum
416 1972 529 2037 ardore
547 1973 632 2037 intra
649 1994 770 2037 nonum
788 1973 872 2037 diem
891 1973 1042 2038 absoluta
1061 1976 1145 2040 sunt.

138 2061 189 2125 Ad
219 2082 256 2125 ea
282 2061 415 2126 visenda
442 2082 499 2125 rex
520 2061 663 2125 nondum
686 2061 825 2126 obducta
846 2061 974 2126 vulneri
997 2062 1145 2127 cicatrice

137 2149 298 2233 processit
337 2148 538 2234 laudatisque
579 2149 737 2215 milltibus
779 2149 943 2215 admoveri
978 2150 1146 2214 machinas

138 2237 247 2320 iussit,
277 2258 294 2300 e
317 2237 432 2321 quibus
455 2237 570 2323 ingens
593 2237 642 2302 vis
669 2239 808 2303 telorum
830 2239 866 2302 in
888 2241 1145 2321 propugnatores

140 2325 241 2391 effusa
265 2329 324 2390 est
368 2324 542 2409 Praecipue
565 2326 659 2390 rudes
683 2325 797 2390 talium
820 2347 954 2409 operum
979 2325 1147 2389 terrebant
1164 2329 1198 2378 ³2

138 2413 278 2479 mobiles
295 2416 402 2478 turres
420 2417 592 2498 tantasque
611 2414 713 2477 moles
731 2413 823 2477 nulla
845 2433 914 2495 ope,
938 2433 1019 2495 quae
1042 2432 1147 2476 cerne

138 2505 236 2586 retur,
262 2502 390 2567 adiutas
413 2502 546 2568 deorum
568 2501 699 2565 numine
718 2501 772 2585 agi
786 2499 971 2565 credebant:
989 2499 1058 2581 pila
1072 2521 1148 2583 quo·

139 2612 201 2674 que
228 2590 368 2654 muralia
394 2591 428 2654 et
454 2610 603 2655 excussas
625 2587 795 2652 tormentis
819 2607 1012 2670 praegraves
1035 2587 1147 2650 hastas

139 2678 305 2760 negabant
318 2676 489 2742 convenire
504 2675 706 2740 mortalibus.
741 2674 855 2758 Itaque
874 2673 1044 2757 desperata
1056 2675 1147 2738 urbis
1165 2679 1200 2728 33

139 2764 244 2828 tutela
266 2784 451 2829 concessere
473 2765 507 2827 in
530 2783 645 2828 arcem.
689 2762 781 2846 Inde,
804 2762 880 2847 quia
901 2761 984 2827 nihil
1006 2762 1147 2827 obsessis

139 2855 269 2935 praeter
296 2850 491 2916 deditionem
518 2873 561 2934 pa
562 2851 653 2916 tteba
638 2850 797 2952 t‚legati
823 2850 863 2915 ad
886 2870 996 2951 regem
1019 2849 1146 2915 descen·

139 2941 256 3005 derunt
286 2939 414 3004 veniam
445 2939 588 3024 petituri.
633 2937 740 3014 Qua
729 2960 804 3023 mpe
805 2942 893 3003 trata
918 2939 1032 3023 regina
1057 2938 1148 3003 venit
1166 2944 1201 2993 3⁴

140 3051 214 3094 cum
236 3049 355 3112 magno
377 3028 536 3093 nobilium
558 3026 752 3093 feminarum
775 3047 874 3113 grege
897 3026 1003 3091 aureis
1025 3026 1147 3108 pateris

141 3119 217 3182 vina
233 3115 417 3182 libentium.
452 3116 529 3200 Ipsa
547 3115 684 3200 genibus
702 3115 789 3200 regis
807 3137 908 3198 parvo
929 3114 997 3178 filio
1016 3114 1147 3177 admoto
1167 3119 1202 3169 35

141 3212 206 3270 non
236 3205 365 3270 veniam
387 3205 499 3288 modo,
531 3203 586 3269 sed
614 3205 713 3269 etiam
740 3203 896 3304 pristinae
923 3201 1148 3266 fortunaein-

141 3293 282 3375 petravit
268 3293 418 3357 tdecus·
450 3292 567 3377 quippe
591 3292 756 3376 appellata
736 3291 891 3376 aregina
913 3293 972 3354 est.
948 3287 1061 3355 tEt
1083 3309 1148 3353 cre·
1167 3291 1202 3345 33

142 3380 248 3444 didere
276 3379 406 3463 quidam
435 3382 508 3464 plus
530 3380 655 3445 formae
680 3401 777 3463 quam
804 3377 1005 3443 miserationi
1028 3376 1149 3440 datum.

140 3468 243 3533 Puero
267 3471 351 3532 certe
373 3472 489 3553 postea
512 3490 550 3533 ex
573 3489 612 3532 ea
634 3471 809 3556 utcumque
830 3466 947 3552 geues
975 3463 1169 3527 namuro

137 3556 202 3620 fuit
220 3577 348 3622 nomen.
