2422 3892
112 155 178 219 204
483 153 514 217 o.
533 151 644 206 ouran
662 151 748 205 auur

113 299 242 384 quidem
259 300 364 361 morte
383 295 551 360 defunctus
570 298 634 358 cst:
658 293 752 358 duces
770 293 969 358 exercituum
994 298 1128 359 tuorum

113 388 147 451 in
165 387 308 451 eculeum
327 383 462 467 inpositi
479 381 597 464 Persis,
616 402 696 465 quos
715 381 869 465 vicerant,
887 381 978 446 fuere
1000 386 1128 465 specta

113 476 194 540 culo.
225 472 395 537 Parmenio
415 471 536 534 indicta
554 491 650 534 causa
667 469 846 534 trucidatus
865 472 927 552 est,
947 490 1010 553 per
1029 490 1130 553 quem

78 563 259 626 6Attalum
292 559 461 625 occideras.
510 557 650 622 Invicem
682 557 768 621 enim
800 556 993 623 miserorum
1023 559 1130 623 uteris

113 651 263 715 manibus
286 647 327 712 ad
350 645 528 729 expetenda
556 645 713 729 supplicia
741 649 786 728 ct,
813 666 893 727 quos
920 645 1023 728 paulo
1052 649 1132 711 ante

115 738 279 801 ministros
302 734 407 800 caedis
430 733 588 815 habuisti,
616 732 723 797 subito
747 732 787 797 ab
811 732 885 796 aliis
908 732 1002 797 iubes
1025 735 1131 798 truci-

80 823 205 889 rdari?
260 822 460 905 Obstrepunt
496 820 629 884 subinde
666 821 771 885 cuncti
806 818 998 903 Hermolao,
1033 826 1132 904 pater

115 931 300 994 supremum
322 910 497 974 strinxerat
518 908 652 991 ferrum,
677 928 885 991 percussurus
907 907 996 972 haud
1020 909 1133 993 dubie,

114 999 150 1063 ni
172 999 329 1063 inhibitus
358 1000 443 1062 esset
469 1019 489 1061 a
515 1015 605 1079 rege:
633 996 751 1079 quippe
778 994 992 1060 Hermolaum
1021 996 1132 1062 dicere

114 1087 211 1151 iussit
227 1087 396 1170 petiitque,
415 1088 453 1149 ut
470 1105 582 1149 causas
601 1082 752 1166 supplicii
770 1086 941 1167 augentem
959 1084 1133 1165 patienter

80 1175 272 1240 caudirent
329 1174 436 1258 Aegre
472 1191 549 1256 ergo
586 1171 733 1236 coercitis
769 1192 878 1236 rursus
914 1162 1175 1239 Hermolaustli

116 1262 232 1339 ‘Quam
250 1259 450 1339 liberaliter',
472 1259 586 1343 inquit,
604 1257 723 1342 ‘pueris
741 1258 875 1324 rudibus
894 1258 935 1322 ad
953 1258 1133 1325 dicendum

116 1373 212 1436 agere
239 1349 415 1434 permittis!
447 1351 482 1411 at
509 1345 718 1412 Callisthenis
749 1368 812 1411 vox
841 1367 968 1412 carcerc
1000 1347 1134 1414 inclusa

81 1442 182 1522 cest,
211 1439 287 1521 quia
320 1437 408 1501 solus
441 1438 549 1518 potest
579 1433 692 1498 dicere.
742 1431 808 1498 Cur
839 1434 924 1498 enim
954 1454 1026 1500 non
1057 1457 1134 1520 pro

117 1525 255 1606 ducitur,
284 1545 357 1588 cum
385 1522 483 1587 etiam
511 1521 651 1586 confessi
678 1522 874 1587 audiuntur?
903 1542 1022 1605 nempe
1052 1525 1134 1608 qnia

116 1613 253 1677 liberam
274 1631 387 1675 vocem
410 1610 590 1675 innocentis
612 1609 721 1673 audire
740 1610 857 1674 metuis
880 1630 917 1674 ac
939 1630 980 1673 ne
1000 1610 1134 1677 vultum

65 1712 98 1760 ιο
116 1700 245 1784 quidem
258 1699 388 1782 pateris.
416 1697 518 1782 Atqui
532 1697 615 1760 nihil
629 1718 702 1761 eum
720 1696 835 1761 fecisse
849 1696 1016 1763 contendo.
1046 1696 1136 1765 Sunt

115 1789 182 1871 hic,
201 1788 256 1872 qui
275 1808 400 1852 mecum
419 1808 487 1850 rem
505 1784 754 1868 pulcherrimam
774 1785 1012 1868 cogitaverunt:
1031 1807 1134 1852 nemo

117 1880 179 1959 est,
198 1876 253 1959 qui
272 1875 434 1939 conscium
452 1872 553 1938 fuisse
570 1873 665 1936 nobis
680 1869 907 1937 Callisthenen
930 1872 1031 1955 dicat,
1056 1895 1134 1940 cum

117 1965 217 2028 morti
236 1963 315 2026 olim
333 1962 512 2025 destinatus
532 1960 575 2023 sit
595 1982 615 2022 a
632 1959 811 2024 iustissimo
831 1962 863 2023 et
885 1959 1133 2042 patientissimo

66 2063 96 2110 ιι
117 2072 204 2135 rege.
247 2048 337 2112 Haec
364 2067 441 2131 ergo
470 2050 546 2111 sunt
567 2045 779 2111 Macedonum
801 2047 959 2131 praemia,
987 2068 1135 2131 quorum

117 2140 156 2201 ut
178 2155 374 2218 supervacuo
402 2137 436 2199 et
458 2132 584 2198 sordido
609 2134 752 2198 abuteris
778 2135 948 2217 sanguine!
994 2133 1043 2200 At
1067 2137 1136 2203 tibi

118 2224 209 2288 milia
230 2223 392 2288 mulorum
415 2221 579 2305 captivum
602 2243 717 2285 aurum
744 2221 879 2304 vehunt,
905 2243 977 2287 cum
1005 2223 1135 2291 milites

118 2312 200 2377 nihil
223 2311 354 2376 domum
376 2313 504 2393 praeter
527 2309 686 2392 gratuitas
707 2308 871 2374 cicatrices
894 2310 1029 2374 relaturi
1053 2313 1136 2377 sint

119 2399 207 2476 Quae
234 2403 344 2463 tamen
367 2397 476 2462 omnia
497 2396 636 2460 tolerare
663 2396 841 2480 potuimus,
869 2401 1045 2480 antequam
1069 2421 1135 2467 nos

118 2488 266 2552 barbaris
298 2485 430 2550 dederes
462 2488 495 2548 et
521 2506 606 2549 novo
638 2504 726 2548 more
753 2485 892 2549 victores
922 2485 981 2550 sub
1014 2486 1136 2571 iugum

67 2588 99 2635 12
118 2577 274 2640 mitteres.
320 2573 490 2639 Persarum
521 2577 555 2636 te
582 2573 682 2637 vestis
714 2574 748 2634 et
778 2571 950 2655 disciplina
976 2573 1137 2660 delectat,

118 2665 242 2747 patrios
265 2683 370 2726 mores
395 2683 511 2726 exosus
535 2682 578 2724 es.
622 2658 793 2723 Persarum
816 2680 907 2745 ergo,
933 2682 999 2726 non
1022 2659 1136 2729 Mace·

118 2751 238 2815 donum
256 2769 365 2833 regem
384 2749 527 2813 occidere
545 2748 705 2812 voluimus
724 2750 758 2810 et
774 2751 807 2811 te
826 2746 1030 2832 transfugam
1048 2750 1137 2817 belli

67 2851 100 2898 13
119 2839 187 2902 iure
210 2836 440 2920 persequimur.
485 2835 533 2899 Tu
555 2834 748 2900 Macedonas
776 2834 910 2900 voluisti
937 2856 1045 2921 genua
1068 2839 1138 2905 tibi

118 2944 238 3009 ponere
260 2924 467 3007 venerarique
490 2926 523 2987 te
544 2926 581 2986 ut
603 2923 711 2987 deum:
735 2926 772 2986 tu
790 2921 977 3006 Philippum
1000 2927 1137 3007 patrem

120 3011 279 3077 aversaris
311 3014 356 3094 et,
388 3011 415 3074 si
443 3011 514 3093 quis
543 3009 674 3075 deorum
703 3014 777 3074 ante
803 3010 913 3075 Iovem
944 3011 1139 3099 haberetur,

69 3114 101 3161 14
119 3100 284 3166 fastidires
317 3099 414 3162 etiam
445 3098 564 3162 Iovem.
617 3098 762 3181 Miraris,
795 3097 824 3162 si
854 3099 949 3162 liberi
980 3098 1138 3169 homines

121 3188 305 3272 superbiam
323 3190 414 3251 tuam
436 3186 520 3251 ferre
541 3207 606 3250 non
629 3185 822 3269 possumus?
860 3185 943 3262 Quid
962 3208 1139 3270 speramus

121 3298 159 3340 ex
182 3279 228 3358 te,
252 3276 368 3359 quibus
388 3279 445 3340 aut
461 3274 643 3339 insontibus
662 3273 861 3339 moriendum
884 3278 935 3339 est
953 3278 1023 3360 aut,
1046 3280 1139 3360 quod

69 3375 101 3424 rt
120 3363 247 3427 tristius
267 3367 371 3428 morto
390 3367 448 3447 est,
465 3362 500 3426 in
519 3363 674 3427 servitute
692 3361 887 3426 vivendum?
923 3361 973 3427 'l'u
992 3363 1140 3452 quidem,

117 3452 147 3516 si
172 3450 336 3516 emendari
356 3454 465 3535 potes,
488 3451 626 3514 multum
649 3449 729 3513 mihi
754 3448 859 3514 debes.
899 3448 950 3513 Ex
973 3472 1026 3515 me
1046 3455 1141 3521 enirn

101 3540 192 3606 scr're
211 3539 367 3629 coepisti,
393 3540 474 3629 quid
492 3539 631 3626 ingenui
643 3537 797 3602 hommes
810 3536 899 3598 terre
912 3557 986 3596 non
999 3542 1147 3615 qusaimt
