2422 3892
123 146 167 210 30
276 113 355 181 ‘'-
495 144 526 210 c.
547 142 657 200 cuam
674 144 761 198 auur

121 291 309 374 redduntur,
355 290 472 375 quibus
511 293 548 354 nt
587 290 722 374 superbe
757 280 887 372 scriptis
927 289 1139 356 vehementer

122 380 270 468 offensus,
285 383 348 444 est:
380 377 549 463 praecipue
573 400 645 442 eum
668 378 781 462 movit,
813 376 898 461 quod
920 374 1046 442 Dareus
1070 379 1133 444 sibi

120 469 206 552 regis
237 468 369 533 titulum
399 488 459 531 nec
490 466 624 531 eundem
657 464 832 530 Alexandri
858 465 982 530 nomini
1013 466 1134 532 adscri-

86 559 238 640 epserat.
273 555 464 620 Postulabat
487 558 595 619 autem
617 555 720 638 magis
744 576 840 638 quam
862 554 1001 638 petebat,
1023 557 1061 619 ut
1080 577 1133 620 ac·

121 647 213 727 cepta
235 643 379 729 pecunia,
403 645 693 728 quantamcumque
710 645 781 708 tota
793 640 981 707 Macedonia
995 647 1136 728 caperet,

118 735 256 797 matrem
288 732 350 797 sibi
382 734 415 796 et
443 731 613 816 coniugem
638 724 830 815 liberosquc'
846 730 1036 795 restitueret.
1081 730 1133 797 De
1204 744 1205 751 ’

85 841 101 889 9
120 841 221 904 regno
245 836 360 905 aequo,
390 819 419 884 si
435 819 540 904 vellet,
561 818 666 883 Marte
694 818 911 884 contenderet.
943 815 977 882 Si
1000 819 1134 884 saniore

120 909 255 972 consilia
273 908 405 973 tandem
422 908 491 992 pati
509 908 674 992 potuisset,
697 909 867 972 contentus
883 906 989 991 patrio
1004 907 1133 972 cederet

120 996 217 1060 alieni
243 997 369 1081 impem'i
395 997 527 1078 finibus,
557 996 661 1060 socius
689 995 870 1079 amicusque
892 998 985 1059 esset.
1024 993 1069 1071 ¹Iu
1092 1016 1131 1060 ea

70 1104 101 1153 ιο
120 1105 154 1148 se
184 1085 278 1149 fidem
294 1101 296 1105 ·
310 1088 343 1150 et
374 1084 448 1149 dare
470 1087 619 1167 paratum
642 1085 675 1147 et
695 1083 847 1167 accipere.
892 1080 1013 1147 Contra
1034 1081 1130 1149 Alex·

120 1173 230 1237 ander
258 1174 293 1237 in
331 1173 417 1238 hunc
457 1173 594 1237 maxime
635 1171 766 1236 modum
805 1170 990 1255 rescripsit:
1046 1171 1129 1246 ‘Rex

119 1260 302 1326 Alexander
323 1260 430 1326 Dareo
453 1258 484 1325 S.
534 1258 631 1326 Cuius
657 1281 777 1324 nomen
799 1259 978 1344 sumpsisti,
1004 1256 1131 1326 Dareus
1203 1319 1205 1324 .

119 1347 272 1434 Graecos,
308 1351 363 1433 qui
400 1370 488 1413 oram
522 1346 725 1431 Hellesponti
760 1351 886 1432 tenent,
922 1348 1130 1432 coloniasque

120 1435 314 1501 Graecorum
345 1435 455 1500 Ionias
483 1436 571 1498 omni
602 1435 690 1499 clade
721 1436 873 1517 vastarit,
905 1456 977 1499 cum
1009 1457 1129 1521 magno

121 1524 234 1587 deinde
270 1524 410 1587 exercitu
445 1544 533 1587 mare
568 1523 695 1587 traiecit
724 1523 826 1587 inlato
858 1521 1065 1589 Macedoniae
1096 1529 1132 1589 et

69 1629 100 1680 11
120 1610 274 1676 Graeciae
296 1611 390 1676 bello.
426 1609 550 1675 Rursus
572 1609 693 1676 Xerxes
717 1611 822 1696 gentis
846 1611 987 1676 eiusdem
1010 1611 1051 1677 ad
1073 1633 1130 1697 op·

118 1699 312 1785 pugnandos
352 1720 413 1764 nos
449 1720 521 1764 cum
557 1699 747 1763 immanium
782 1699 992 1764 barbarorum
1026 1701 1130 1784 copiis

119 1789 223 1853 venit:
248 1788 302 1872 qui
324 1787 433 1853 navali
455 1788 575 1872 proelio
598 1787 701 1852 victus
718 1786 928 1852 'Mardonium
949 1791 1059 1853 tamen
1080 1810 1129 1853 re·

119 1877 214 1960 liquit
235 1878 270 1941 in
293 1875 440 1960 Graecia,
463 1878 500 1940 ut
521 1875 637 1940 absens
660 1896 785 1960 quoquc
802 1877 1010 1959 popularetur
1025 1877 1131 1962 urbes,

69 1983 100 2032 12
120 1986 216 2049 agros
238 1968 353 2029 ureret.
396 1963 582 2047 Philippum
605 1984 693 2047 vero,
720 1967 886 2047 parentem
906 1985 1027 2049 meum,
1057 1965 1130 2048 quis

119 2053 250 2137 ignorat
272 2054 313 2116 ab
335 2053 375 2116 iis
397 2052 607 2131 interfectum
620 2073 698 2136 esse,
721 2073 801 2136 quos
818 2052 960 2137 ingentis
974 2053 1130 2137 pecuniae

121 2161 178 2225 spe
205 2140 456 2205 sollicitaverant
477 2139 598 2205 vestri?
636 2139 730 2223 Inpia
752 2141 838 2204 enim
859 2140 944 2204 bella
967 2141 1130 2225 suscipitis

121 2232 161 2313 et,
184 2249 256 2293 cum
278 2228 426 2293 habeatis
449 2250 553 2312 arma,
574 2228 715 2293 licemini
736 2221 880 2293 hostium
903 2229 1022 2312 capita:
1046 2228 1131 2294 sicut

119 2320 156 2381 tu
177 2316 323 2401 proxime
345 2316 476 2381 talentis
498 2318 599 2401 mille,
625 2317 711 2381 tanti
733 2317 889 2381 exercitus
912 2338 980 2402 rex,
1002 2337 1130 2401 percus·

70 2424 101 2473 ra
121 2409 239 2471 sorcm'
258 2406 293 2470 in
310 2426 371 2469 ‘me
399 2419 502 2470 emere
528 2404 666 2469 voluisti.
715 2403 847 2490 Repello
874 2405 974 2490 igitur
1000 2405 1131 2491 bellum,

120 2516 187 2560 non
218 2494 333 2560 infero.
377 2491 422 2558 Et
451 2493 483 2558 di
513 2514 639 2579 quoque
664 2515 723 2576 pro
736 2493 882 2570 ,meliore
909 2495 999 2557 stant
1020 2514 1130 2559 causa:

121 2604 274 2668 magnam
300 2585 425 2667 partem
445 2580 545 2646 Asiae
571 2581 606 2645 in
629 2581 787 2646 dicionem
812 2580 926 2665 redegi,
948 2602 1067 2666 meam,
1097 2586 1132 2646 te

120 2672 226 2755 ipsum
249 2670 317 2736 acic
340 2672 410 2736 vici.
447 2670 549 2747 Quem
571 2670 631 2735 etsi
652 2669 734 2733 nihil
757 2691 777 2733 a
798 2689 850 2732 me
862 2669 1023 2753 inpetrare
1037 2690 1131 2754 opor·

120 2760 219 2841 tebat,
241 2762 353 2842 utpote
376 2759 494 2844 quine
516 2759 592 2825 belli
615 2757 742 2842 quidem
764 2757 799 2840 in
821 2778 872 2836 me
892 2758 963 2821 iura
985 2778 1132 2822 servave-
1193 2796 1198 2805 ·

121 2847 176 2930 ris,
197 2849 316 2930 tamen,
339 2846 367 2911 si
388 2847 514 2912 veneris
537 2847 678 2931 supplex,
701 2848 734 2910 et
755 2847 892 2909 matrem
911 2849 943 2909 et
961 2845 1131 2928 coniugem

71 2952 103 3002 14
122 2938 155 2999 et
182 2934 300 2999 liberos
331 2935 400 2997 sine
428 2934 530 3017 pretio
558 2937 760 3017 recepturum
787 2954 856 2998 esse
877 2934 1041 3018 promitto.
1072 2931 1133 3012 Et

121 3023 248 3088 vincere
280 3025 312 3086 et
343 3022 509 3086 consulere
544 3023 636 3086 victis
673 3023 748 3103 scio.
798 3020 890 3097 Quod
922 3020 950 3086 si
980 3025 1013 3085 te
1045 3042 1131 3086 com-

121 3111 249 3175 mittere
271 3109 366 3175 nobis
387 3109 495 3192 times,
522 3108 669 3175 dabimus
692 3109 786 3174 fidem
807 3111 929 3193 inpune
951 3112 1133 3175 venturum.

120 3198 170 3264 De
184 3202 307 3281 cetero,
329 3219 401 3263 cum
413 3197 503 3261 'mihi
524 3197 652 3283 scribes,
674 3200 834 3262 memento
853 3219 920 3262 non
939 3199 1044 3263 solum
1062 3199 1133 3282 regi

120 3291 163 3373 te,
186 3287 241 3352 sed
258 3287 355 3351 etiam
368 3290 426 3351 tuo
441 3285 597 3351 scribere?
633 3285 685 3351 Ad
699 3287 783 3353 hanc
795 3287 1017 3370 perferendam
1031 3284 1132 3350 Ther-

121 3377 231 3460 sippus
255 3379 305 3440 est
325 3375 451 3440 missus.

69 3484 102 3533 15
208 3463 248 3528 In
261 3463 445 3530 Phoenicen
466 3464 573 3530 deinde
594 3463 759 3529 descendit
779 3466 813 3527 et
835 3462 987 3547 oppidum
1001 3461 1132 3546 Byblon
1147 3463 1170 3527 3

95 3553 270 3628 ¹traditum
296 3553 427 3638 recepit
467 3551 548 3634 Inde
576 3552 618 3626 ad
639 3550 761 3618 Sidona
786 3555 919 3616 ventum
940 3553 998 3636 est,
1018 3549 1132 3614 urbem
1183 3614 1188 3622 ,
