2422 3892
277 155 530 212 HISTORIARUM
548 155 761 210 ALEXANDRI
781 155 866 224 VIIII,
884 161 910 211 2.
929 163 953 210 3.
1053 155 1118 219 233

111 301 699 453 11111111111111111ωὲ11
715 297 978 451 illllttli
1005 300 1120 450 llll

112 477 219 541 vultis.
246 475 285 539 In
296 410 480 541 IiolItudine
494 409 573 538 mihi
583 408 698 540 'videor
716 497 795 540 esse.
822 473 926 540 Nemo
940 408 1121 557 restiondet,

111 587 205 628 nemo
229 565 344 629 saltem
366 568 473 648 negat.
514 563 601 638 Quos
625 563 803 647 adloquor?
831 564 908 649 quid
934 567 1042 627 autem
1065 585 1121 645 po-

113 652 221 717 stulo?
258 651 409 717 Vestram
432 651 570 735 gloriam
589 654 621 714 11
641 652 896 735 magnitudinem
914 652 1122 716 vindicamus.

112 740 179 806 Ubi
202 744 278 804 sunt
300 740 364 825 illi,
396 761 532 824 quorum
555 742 720 804 certamen
742 740 837 823 paulo
862 745 936 805 ante
959 739 1025 804 vidi
1048 761 1121 803 con·
1141 748 1174 796 32

112 828 323 913 tendentium,
346 828 402 911 qui
420 827 625 911 potissimum
644 829 805 893 vulnerati
822 829 908 912 regis
933 850 1048 912 corpus
1073 849 1123 892 ex-

113 916 277 999 ciperent?
309 916 469 999 desertus,
496 916 670 980 destitutus
698 938 783 996 sum,
812 917 961 983 hostibus
989 916 1124 980 deditus.

114 1003 177 1069 Sed
200 1006 288 1069 solus
312 1025 438 1088 quoque
461 1004 508 1068 ire
531 1005 754 1086 perseverabo.
795 1003 920 1069 Obicite
944 1027 995 1069 me
1018 1004 1121 1068 flami·
1140 1012 1174 1062 33

112 1093 208 1156 nibus
241 1096 274 1156 et
305 1092 410 1156 beluis
448 1093 481 1154 et
515 1091 580 1155 illis
618 1093 783 1174 gentibus,
821 1114 956 1177 quarum
991 1093 1125 1157 nomina

113 1179 264 1244 horretis.
308 1177 487 1261 Inveniam,
510 1180 565 1262 qui
589 1179 752 1244 desertum
776 1203 796 1244 a
818 1181 910 1245 vobis
935 1184 1124 1263 sequantur:

115 1265 256 1350 Scythae
274 1265 501 1349 Bactrianique
521 1271 616 1331 erunt
634 1289 768 1340 mecum,
789 1268 900 1333 hostes
923 1267 1019 1350 paulo
1041 1270 1125 1348 ante,

115 1375 199 1417 nunc
218 1354 337 1417 milites
356 1356 467 1418 nostri.
509 1353 593 1418 Mori
610 1359 765 1438 praestat,
786 1378 883 1439 quam
901 1355 1046 1438 precario
1066 1353 1125 1417 1111-
1145 1362 1180 1411 34

114 1444 298 1523 peratorem
322 1462 401 1505 esse.
444 1441 494 1505 Ite
517 1441 648 1505 reduces
672 1442 800 1506 domos!
829 1443 874 1506 ite
897 1443 1025 1505 deserto
1049 1461 1126 1522 rege

116 1527 265 1591 ovantes!
315 1527 388 1608 Ego
420 1527 473 1589 hic
501 1551 521 1590 a
547 1528 640 1590 vobis
670 1529 859 1607 desperatae
886 1529 1041 1590 victoriae
1070 1531 1127 1590 aut

115 1614 273 1677 honestae
296 1614 395 1675 morti
418 1614 525 1681 locum
548 1612 733 1674 inveniam?

541 1766 620 1832 One.
643 1766 702 1830 ΙΙΙ.

205 1873 256 1939 Ν1
284 1873 331 1938 111
359 1873 488 1956 quidem
515 1872 572 1937 ulli
599 1872 741 1936 militum
764 1895 827 1938 vox
850 1875 984 1958 exprimi
1012 1876 1162 1958 potuitl

118 1961 352 2046 Expectabant,
367 1964 404 2025 ut
418 1961 513 2026 duces
527 1961 752 2044 principesque
762 1962 803 2025 ad
817 1983 926 2047 regem
940 1962 1129 2046 perferrent,

119 2051 302 2117 vulneribus
330 2053 363 2114 et
390 2050 540 2114 1111111111
573 2049 685 2113 labore
713 2049 851 2115 militiae
880 2051 1036 2134 fatigatos
1063 2073 1129 2116 nou

119 2140 297 2203 detrectare
320 2139 444 2220 munia,
472 2137 528 2203 sed
556 2138 714 2202 sustinere
736 2160 802 2203 non
829 2160 932 2223 posse.
978 2137 1163 2204 0111111111

119 2227 168 2291 1111
182 2230 270 2290 metu
285 2226 417 2290 attoniti
433 2226 601 2290 interram
619 2248 676 2290 cra
690 2227 875 2291 defixerant.
901 2227 1006 2311 Igitur
1023 2229 1129 2309 primo

120 2316 267 2379 fremitus
300 2336 358 2378 sua
390 2318 517 2398 sponte,
550 2313 663 2378 deinde
696 2315 836 2396 gemitus
869 2336 994 2398 quoque
1028 2315 1130 2378 oritur

119 2401 341 2488 paulatimque
377 2402 509 2467 liberius
547 2402 640 2466 dolor
671 2402 753 2484 erigi
785 2402 891 2485 coepit
923 2402 1130 2465 manantibus

119 2492 275 2574 lacrimis,
303 2491 381 2555 adeo
409 2495 446 2556 ut
472 2512 530 2554 rex
556 2490 605 2553 ira
631 2489 665 2552 in
693 2488 945 2553 misericordiam
972 2510 1130 2553 versane

119 2581 189 2662 ipse
213 2578 355 2662 quidem,
375 2599 570 2663 quamquam
589 2580 731 2659 cuperet,
750 2580 930 2659 temperare
954 2577 1056 2640 oculis
1075 2598 1130 2659 po-

69 2671 110 2734 12
121 2667 227 2730 tuerit.
258 2658 402 2729 Tandem
416 2667 567 2728 universa
581 2663 729 2727 contione
744 2663 874 2727 effusius
892 2662 988 2728 flente
1003 2661 1129 2728 Coenus
1147 2673 1163 2722 3

122 2774 218 2818 ausus
241 2757 292 2816 est
319 2751 543 2816 cunctantibus
567 2752 681 2814 ceteris
710 2751 843 2834 propius
872 2751 1018 2815 tribunal
1046 2772 1132 2817 acce-

121 2842 209 2921 dere,
232 2839 418 2923 significans
437 2861 471 2904 se
495 2838 585 2922 loqui
607 2839 697 2902 velle.
735 2838 837 2915 Quem
860 2843 897 2904 ut
919 2839 1025 2904 videre
1047 2838 1131 2902 mili·
1150 2850 1166 2899 4

121 2933 171 2994 tes
191 2928 413 2992 detrahentem
431 2926 559 3011 galeam
579 2926 676 3009 capiti
690 2963 732 2973 -
748 2927 795 2991 111
811 2927 896 2991 enim
915 2948 1024 3011 regem
1043 2928 1130 3002 adlo-

123 3018 177 3102 qui
201 3039 270 3081 mos
295 3018 344 3080 est
361 3052 397 3062 -
415 3015 541 3081 hortari
562 3018 744 3098 coeperunt,
767 3018 804 3079 ut
823 3037 954 3080 causam
973 3015 1130 3079 exereitus

123 3110 243 3190 ageret.
279 3103 362 3168 Tum
377 3101 516 3186 Coenus,
536 3101 603 3166 ‘Dii
616 3101 835 3186 prohibeant',
854 3104 972 3187 inquit,
992 3102 1130 3167 ‘anobis
1150 3113 1165 3161 5

122 3195 228 3277 inpias
256 3197 394 3258 mentes:
423 3196 456 3256 11
482 3190 627 3274 profecto
655 3192 838 3275 prohibent.
887 3189 977 3254 Idem
1006 3192 1131 3255 animus

124 3286 174 3345 est
200 3281 280 3363 tuis,
307 3282 362 3364 qui
390 3279 452 3343 fuit
478 3300 617 3363 semper,
644 3279 690 3342 ire
715 3301 777 3362 quo
806 3279 951 3362 iusseris,
978 3298 1133 3362 pugnare,

123 3368 308 3452 periclitari,
318 3368 473 3452 sanguine
483 3370 594 3431 nostro
606 3367 829 3431 commendare
843 3366 1027 3450 posteritati
1040 3371 1132 3430 tuum

123 3479 250 3522 nomen.
287 3455 425 3520 Proinde
443 3456 470 3520 si
488 3476 686 3539 perseveras,
703 3455 841 3520 inermes
861 3477 986 3539 quoque
1005 3454 1140 3517 11111111

125 3550 158 3610 et
185 3564 358 3629 exangues,
390 3547 563 3629 utcumque
590 3543 654 3610 tibi
681 3543 776 3610 cordi
802 3547 872 3627 est,
902 3540 1079 3622 sequimur
1102 3533 1168 3590 aab
