2422 3892
124 141 169 204 64
495 139 527 204 Q.
547 138 658 195 cuam
675 137 763 194 RUFI

74 305 107 355 ιο
125 283 342 351 Claudebatur
372 286 433 350 hoc
465 304 582 369 agmen
613 283 685 348 aliis
715 282 844 348 falcatis
873 283 1035 368 curribus,
1070 285 1145 369 quis

124 375 329 459 peregrinum
356 372 491 437 militem
514 372 710 436 adiunxerat
755 369 853 436 Hunc
874 370 1038 456 Armenii,
1060 395 1144 458 quos

125 463 265 527 minores
289 461 465 546 appellant,
495 460 666 524 Armenios
687 457 886 545 Babylonii,
900 462 1058 545 utrosque
1082 460 1144 526 Be

126 551 202 614 litae
229 553 262 614 et
284 550 340 633 qui
366 551 493 613 montes
521 545 941 612 Cossaeorumincolebant
961 549 1144 632 sequeban-

75 641 187 706 ntur.
218 637 299 702 Post
320 637 380 701 hos
402 636 496 700 ibant
517 634 667 718 Gortuae,
690 635 797 720 gentis
820 635 949 719 quidem
965 633 1144 720 Euboicae,

125 725 237 790 Medos
269 724 431 809 quondam
461 723 575 807 secuti,
607 723 663 787 sed
691 723 756 786 iam
783 722 956 808 degeneres
983 726 1019 787 et
1042 727 1144 808 patrii

131 814 229 877 moris
246 813 375 896 ignari.
419 809 629 896 Adplicuerat
654 810 706 874 his
732 808 878 895 Phrygas
908 813 943 874 et
968 808 1143 879 Cataonas.

125 900 380 983 Parthyaeorum
407 899 521 964 deinde
548 919 641 984 gens,
671 899 881 963 incolentium
911 901 1029 984 terras,
1061 922 1143 985 quas

125 1009 211 1053 nunc
229 986 340 1052 Parthi
355 985 486 1071 Scythia
507 987 644 1072 profecti
661 989 782 1070 tenent,
804 984 998 1051 claudebant
1015 1008 1143 1073 agmen

74 1095 107 1145 12
125 1074 215 1141 Haec
244 1076 368 1141 sinistri
399 1098 515 1141 cornus
546 1074 646 1156 facies
677 1073 748 1138 fuit.
796 1072 953 1138 Dextrum
983 1077 1145 1143 tenebant

125 1165 214 1229 natio
243 1165 374 1230 maioris
401 1163 574 1230 Armeniae
600 1161 792 1247 Cadusiique
819 1165 853 1226 et
874 1160 1085 1246 Cappadoces
1112 1169 1144 1230 et

125 1251 198 1337 Syri
230 1276 267 1320 ac
298 1252 394 1319 Medi
449 1253 511 1318 His
544 1273 669 1337 quoque
700 1250 811 1314 falcati
841 1270 953 1316 currus
986 1268 1011 1315 n
1040 1257 1144 1318 erant

73 1359 106 1410 18
126 1339 259 1406 Summa
279 1343 381 1407 totius
404 1342 575 1423 exercitus,
607 1340 730 1424 equites
756 1356 826 1402 xnv
852 1339 955 1422 milia,
980 1339 1156 1422 pedestris.

126 1430 210 1492 acies
245 1445 292 1493 nc
327 1428 417 1492 milia
448 1427 637 1510 expleverat
694 1425 766 1491 Hoc
800 1426 897 1491 modo
932 1427 1088 1494 instructi
1121 1447 1145 1495 x

126 1515 231 1578 stadia
265 1515 444 1597 procedunt
477 1514 619 1598 iussique
656 1515 829 1579 subsistere
864 1514 981 1579 armati
1012 1515 1144 1583 hostem

125 1602 345 1686 expectabant

71 1711 106 1760 14
213 1689 390 1754 Alexandri
411 1689 584 1755 exercitum
605 1712 718 1774 pavor,
743 1691 833 1755 cuius
855 1712 953 1756 causa
973 1712 1043 1757 non
1066 1691 1181 1759 suh-M

125 1782 208 1863 erat,
244 1779 378 1844 invasit:
420 1778 537 1863 quippe
573 1778 731 1863 lymphati
765 1777 924 1862 trepidare
960 1786 1143 1865 coeperunt

125 1869 269 1933 omnium
292 1871 422 1952 pectora
440 1868 564 1932 occulto
582 1869 671 1930 metu
688 1869 899 1950 percurrente.
929 1865 1019 1933 Caeli
1032 1868 1144 1955 fulgor

123 1959 268 2038 tempore
295 1957 416 2020 aestivo
443 1955 568 2019 ardenti
591 1954 705 2018 similis
727 1955 917 2020 internitens
938 1956 1026 2040 ignis
1047 1979 1142 2040 prae·

125 2043 196 2105 buit
223 2042 375 2126 speciem,
406 2042 614 2127 flammasque
642 2064 680 2106 ex
702 2040 800 2106 Darei
827 2044 940 2124 castris
963 2044 1142 2131 splendere,

73 2152 106 2201 15
125 2129 213 2193 velut
235 2130 329 2193 inlati
351 2132 471 2194 temere
493 2129 676 2213 praesidiis,
699 2131 879 2196 credebant.
922 2130 1046 2208 Quodsi
1067 2155 1141 2217 per-

126 2217 222 2281 culsis
243 2215 407 2301 Mazaeus,
435 2217 490 2301 qui
517 2218 721 2301 praesidebat
741 2219 862 2303 itineri,
891 2214 1142 2306 superuenisset,

125 2306 239 2391 ingens
266 2305 372 2370 clades
394 2306 496 2388 accipi
517 2307 636 2390 potuit:
668 2328 767 2389 nunc,
795 2307 872 2372 dum
893 2307 948 2372 ille
971 2308 1082 2394 segnis
1105 2311 1142 2374 in

119 2415 177 2477 eo,
210 2415 305 2479 quem
336 2396 558 2478 occupauerat,
589 2395 712 2459 tumulo
741 2394 842 2479 sedet,
873 2398 1044 2462 contentus
1066 2396 1141 2464 'non

73 2505 105 2554 16
124 2483 251 2567 lacessi,
287 2481 469 2547 Alexander
505 2482 635 2567 cognito
666 2503 784 2566 pavore
815 2485 972 2549 exercitus
999 2485 1142 2573 signum,

124 2576 162 2637 ut
189 2573 414 2654 consisterent,
451 2570 532 2655 dari,
568 2573 642 2635 ante
667 2571 757 2656 ipsos
789 2593 879 2635 arma
910 2572 1068 2656 deponere
1102 2588 1141 2640 ac

124 2661 229 2725 levare
253 2682 387 2745 corpora
409 2659 511 2744 iubet,
534 2659 717 2742 adm0nens,
740 2660 862 2723 nullam
885 2659 985 2725 subiti
1006 2681 1138 2727 causam

75 2768 195 2817 1resse
217 2749 358 2832 terroris,
382 2748 509 2813 hostem
523 2749 643 2830 'procul
669 2750 763 2811 stare.
807 2747 951 2813 Tandem
973 2753 1141 2834 compotes

126 2835 177 2897 sui
202 2836 322 2917 pariter
351 2857 442 2900 arma
473 2840 506 2899 at
536 2836 661 2900 animos
688 2856 848 2918 recepere:
883 2837 1139 2922 necquicquam

126 2943 164 2984 ex
195 2923 417 3005 praesentibus
448 2923 549 2987 tutius
581 2924 685 2988 visum
712 2928 774 3007 est,
806 2946 903 3008 quam
930 2924 1042 2990 eodem
1063 2925 1138 2993 loco

74 3032 105 3081 18
130 3012 235 3074 castra
258 3010 391 3073 munire.
435 3009 569 3075 Postero
597 3011 646 3075 die
671 3010 820 3076 Mazaeus
844 3049 885 3058 -
909 3034 982 3078 cum
1005 3013 1138 3081 delectis

125 3097 270 3183 equitum
296 3097 331 3160 in
354 3096 440 3162 edito
463 3097 557 3180 colle,
584 3120 622 3161 ex
645 3121 708 3183 quo
730 3099 941 3166 Macedonum
963 3103 1139 3186 prospicie-

124 3186 243 3249 bantur
265 3188 380 3270 castra,
403 3185 590 3250 consederat
608 3223 650 3233 —
670 3187 735 3251 sive
758 3191 855 3272 metu,
878 3189 944 3254 sive
966 3189 1043 3273 quia
1065 3213 1138 3274 spe·

73 3272 225 3344 seculari
246 3273 342 3339 modo
365 3274 472 3339 iussus
496 3277 572 3358 erat,
590 3274 631 3338 ad
646 3273 787 3340 Dareum
806 3277 909 3342 rediit.
944 3277 1138 3345 Macedones

124 3383 197 3425 eum
227 3363 334 3446 ipsum
367 3364 493 3446 collem,
529 3384 623 3447 quem
655 3363 849 3450 deseruerat,
885 3371 1138 3449 occupavemmt:

123 3472 200 3514 nam
223 3454 255 3513 et
274 3451 375 3516 tutior
393 3450 526 3534 planitie
546 3455 616 3517 erat
633 3453 666 3515 et
683 3452 758 3517 inda
778 3454 860 3518 acies
877 3453 1028 3539 hostium,
1052 3477 1138 3540 quas

60 3558 99 3605 aa
113 3537 152 3600 in
184 3559 301 3623 campo
328 3540 559 3628 explicabatur,
590 3540 733 3626 conspici
754 3545 889 3624 poterat.
935 3540 1005 3606 Sed
1020 3543 1138 3631 caligo,
1178 3588 1181 3595 -
