2422 3892
141 150 158 189 ⁸
241 161 497 221 meroauaun
514 162 877 232 mauruncium
1022 163 1065 228 99

56 311 90 372 et
116 307 241 372 aemulo
264 306 356 390 regni
378 309 548 388 reparante
571 304 781 370 cummaxime
803 305 936 390 bellum,
964 328 1067 390 nuper

57 395 210 477 subactis,
237 415 318 477 quos
340 393 472 477 vicerat,
496 413 678 476 novumque
699 393 869 478 imperium
892 415 1065 478 aspernan-

57 483 144 546 tibus
176 483 216 547 de
247 481 297 546 die
328 481 433 545 inibat
463 481 622 562 convivia,
659 481 775 565 quibus
801 481 941 551 feminae
967 482 1064 547 inter-

58 572 163 652 erant,
193 591 259 634 non
290 569 417 653 quidem
449 590 529 652 quas
557 569 671 633 violari
699 568 792 635 nefas
819 572 916 652 esset,
948 570 1065 653 quippe

56 657 183 741 pelices,
204 657 352 722 licentius
375 678 471 739 quam
494 656 627 721 decebat
649 676 722 721 cum
744 659 868 722 armato
886 658 992 722 rivere
1012 657 1065 721 ad-

57 747 175 810 suetae.
210 745 261 810 Ex
279 745 329 809 his
349 766 415 809 una
427 743 535 826 Thais,
553 745 586 807 et
600 743 673 825 ipsa
687 742 874 828 temulenta,
891 746 1065 810 maximam
1084 765 1099 812 a

56 833 141 916 apud
173 854 283 897 omnes
314 829 453 897 Graecos
484 832 640 895 initurum
670 831 809 916 gratiam
841 833 1002 916 adfirmat,
1038 834 1066 897 si

54 921 177 1004 regiam
199 919 370 984 Persarum
391 919 540 984 iussisset
561 919 700 983 incendi:
726 923 893 1002 expectare
914 920 977 986 hoc
1000 942 1066 1004 eos,

56 1029 192 1089 quorum
210 1007 305 1079 urbes
324 1007 452 1072 barbari
470 1007 637 1071 delessent
672 1005 773 1071 Ebrio
792 1011 898 1072 scorto
916 1008 955 1072 de
972 1010 1045 1072 tant
1046 1030 1065 1072 a
1083 1029 1100 1076 4

55 1115 90 1157 re
112 1094 235 1158 ferente
258 1094 451 1157 sententiam
473 1115 557 1158 unus
579 1098 608 1157 et
629 1093 719 1177 alter,
741 1095 804 1157 et
794 1095 857 1186 1psi
878 1117 967 1160 mero
991 1117 1065 1160 one-

56 1181 132 1263 rati,
166 1180 396 1244 adsentiuntur.
447 1179 518 1243 Rex
549 1200 675 1264 quoque
707 1143 847 1245 tridior
860 1180 924 1244 fuit
928 1204 1066 1265 ,quam

34 1267 239 1354 ‚patientior
284 1266 381 1343 Quin
407 1267 519 1351 igitur,
549 1269 665 1350 inquit,
694 1267 877 1333 ulciscimur
900 1267 1066 1333 Graeciam

57 1359 90 1418 et
120 1355 192 1419 urbi
222 1355 309 1419 faces
342 1353 542 1419 subdimus?
588 1355 707 1420 Omnes
735 1355 936 1421 incaluerant
961 1377 1064 1421 mero:
1084 1375 1100 1423 a

55 1444 163 1528 itaque
191 1450 328 1527 surgrmt
348 1443 517 1507 temulenti
540 1443 581 1507 ad
602 1443 837 1508 incendendam
858 1443 983 1525 urbem,
1015 1443 1066 1507 eui

57 1531 172 1595 armati
200 1533 416 1614 pepercerant.
460 1528 587 1594 Primus
609 1552 666 1595 rex
687 1531 796 1615 ignem
818 1529 924 1615 regiae
947 1531 1066 1614 iniecit,

55 1622 125 1681 turn
146 1619 298 1683 convivae
317 1621 350 1682 et
366 1618 508 1682 ministri
525 1618 713 1702 pelicesque.
747 1617 851 1682 Multa
868 1618 962 1682 cedro
981 1618 1065 1682 aedi-

56 1706 153 1768 ficata
183 1709 254 1770 erat
283 1706 385 1789 regia,
420 1727 501 1789 quae
532 1706 677 1770 celeriter
706 1705 783 1790 igne
814 1709 969 1788 concepto
1001 1706 1066 1769 late

56 1792 140 1855 fudit
160 1792 353 1857 incendium
389 1791 482 1868 Quod
504 1791 560 1855 ubi
582 1793 747 1876 exereitus,
770 1793 825 1876 qui
846 1792 932 1856 haud
955 1794 1100 1875 procula

56 1880 136 1944 urbe
167 1880 332 1962 tendebat,
368 1880 549 1962 conspexit,
579 1842 748 1944 fortuituni
778 1882 868 1944 ratus
900 1878 941 1942 ad
972 1900 1066 1962 opem

55 1967 222 2031 ferendam
244 1967 413 2032 concurrit
448 1965 511 2032 sec
532 1969 570 2030 ut
592 1967 632 2031 ad
654 1966 848 2032 vestibulum
865 1968 971 2051 regiae
989 1986 1065 2031 ven·
1085 1989 1099 2036 r

56 2059 126 2119 tum
148 2058 206 2139 eat,
228 2055 337 2120 vident
358 2075 468 2140 regern
490 2055 597 2138 ipsum
619 2054 723 2119 adhuc
745 2058 953 2139 aggerentem
970 2050 1065 2119 faces
1113 2121 1118 2132 ,

57 2141 185 2207 Omissa
214 2144 327 2227 igitur,
358 2164 455 2227 quam
486 2146 728 2243 portaverant,¹
725 2164 827 2225 aqua
858 2143 927 2228 igni
956 2145 1012 2226 apt
1013 2164 1066 2206 am

10 2230 252 2294 >3mater1em
242 2252 277 2294 ιιι
294 2231 504 2295 incendium
494 2251 597 2295 iacere
615 2234 797 2314 coeperunt.
832 2229 929 2295 Hunc
946 2230 1101 2298 exituma

57 2317 172 2381 habuit
201 2318 292 2402 regia
321 2319 422 2383 totius
450 2317 603 2401 Orientis,
633 2318 718 2383 unde
749 2320 800 2383 tot
829 2321 907 2402 gent
909 2338 942 2381 es
970 2321 1066 2380 antee

56 2405 128 2468 iura
145 2405 307 2490 petebant,
329 2406 435 2489 patria
452 2406 503 2470 tot
519 2425 641 2505 regum,
662 2405 776 2470 unicus
795 2404 956 2488 quondam
970 2400 1065 2466 Grae·

57 2493 123 2556 oiae
150 2495 266 2575 terror,
292 2494 406 2558 molita
427 2493 666 2557 millenarium
689 2493 824 2556 classem
847 2493 880 2554 et
902 2490 1067 2571 exercitus,

58 2569 173 2662 quibus
193 2579 325 2663 Europa
345 2579 501 2643 inundata
523 2583 573 2643 est
594 2578 801 2642 contabulato
824 2578 906 2641 mari
928 2538 1067 2640 molibus,

57 2665 271 2749 perfossisque
302 2667 481 2749 montibus,
510 2667 545 2730 in
556 2687 707 2815 lquorum
734 2685 847 2747 specus
873 2663 1028 2728 fretum
1018 2684 1066 2726 m·

58 2752 192 2816 missum
219 2756 276 2816 est.
254 2752 370 2817 tAc
396 2773 437 2816 ne
462 2716 569 2817 taml
570 2771 656 2836 onga
683 2752 810 2835 quidem
838 2754 956 2834 aetate,
985 2771 1100 2835 quaec

58 2839 215 2903 excidium
243 2839 311 2904 eius
335 2843 444 2923 secuta
466 2843 524 2923 est,
554 2839 734 2904 resurrexit.
778 2838 870 2903 Alias
892 2839 988 2904 urbes
1010 2839 1066 2903 ha·

57 2927 154 2992 buere
180 2926 393 2992 Macedonum
418 2947 524 3012 reges,
555 2929 661 3012 [quas]
685 2947 772 2992 nunc
793 2927 916 2991 hebent
936 2924 1065 2990 Parthi:

56 3016 151 3080 huius
182 3015 355 3099 vestigium
383 3036 449 3080 non
476 3016 685 3097 inveniretur,
715 3015 780 3079 nisi
805 3014 930 3079 Araxes
962 3015 1065 3078 amnis

57 3103 249 3169 ostenderet.
279 3102 376 3167 Haud
388 3104 501 3187 procul
514 3103 682 3169 moenibus
696 3103 845 3168 fluxerat:
865 3102 940 3166 inde
953 3101 1066 3165 urbem

56 3192 155 3256 fuisse
177 3209 224 3256 xx
238 3191 350 3256 stadiis
374 3191 547 3256 distantem
570 3191 702 3256 credunt
721 3191 826 3275 magis
845 3211 941 3273 quam
961 3189 1066 3253 sciunt

58 3279 192 3343 accolae.
231 3279 378 3344 Pudebat
399 3278 589 3344 Macedones
612 3281 679 3342 tarn
701 3279 898 3361 praeclaram
916 3277 1027 3341 urbem
1047 3298 1067 3339 a
1086 3296 1118 3345 ιο

59 3366 304 3432 comissabundo
326 3387 401 3452 rege
424 3368 508 3432 delet
493 3370 562 3431 tam
585 3387 663 3430 esse.
693 3365 807 3450 Itaque
824 3387 876 3429 res
894 3365 929 3428 in
948 3364 1074 3430 serium

57 3473 150 3516 versa
172 3457 221 3518 est
243 3457 276 3518 et
296 3455 534 3539 imperaverunt
556 3455 627 3538 sibi,
648 3457 686 3518 ut
707 3453 875 3517 crederent
891 3452 951 3515 illo
967 3452 1071 3530 potis-

59 3540 174 3605 simum
209 3541 305 3606 modo
337 3543 438 3610 fuisse
470 3543 655 3610 delendam
702 3541 844 3628 ipsum,
875 3542 922 3600 ut
947 3535 1106 3612 prmum
1118 3542 1164 3583 xx

906 3637 950 3686 *t*
