2422 3892
125 148 189 212 266
493 149 525 214 Q.
546 147 653 203 ouen
671 148 757 203 RUFI

124 292 271 358 toleratis
300 296 346 377 et,
378 313 450 357 cum
483 292 585 356 fortes
614 291 675 355 viri
702 292 788 374 sitis,
820 315 885 358 non
909 293 1142 358 fortitudinem

124 382 228 466 magis
262 386 359 465 quarn
390 380 486 444 fidem
519 379 637 444 colitis.
687 379 757 445 Hoc
789 402 849 465 ego
881 402 968 445 nunc
994 381 1142 464 primum

75 483 106 530 ιο
125 471 291 555 profiteor,
319 469 374 534 sed
403 469 481 534 olim
504 468 580 532 scio.
626 466 740 551 Itaque
764 473 797 533 et
824 469 977 533 dilectum
1001 491 1017 532 e
1042 470 1141 536 vobis

124 560 287 623 iuniorum
314 557 414 622 habui
442 561 475 620 et
501 578 559 621 vos
587 577 731 620 meorum
759 557 898 622 militurn
926 557 1055 640 corpori
1081 559 1140 622 im·

76 656 80 663 ’
125 647 248 711 miscui.
286 645 374 710 Idem
403 645 548 725 habitus,
572 644 682 708 eadem
700 667 801 709 -arma
830 649 906 710 sunt
932 646 1034 709 vobis.
1074 645 1139 711 Ob·

125 737 270 819 sequium
297 754 373 798 vero
403 737 436 796 et
461 733 619 816 patientia
645 733 773 817 imperii
797 735 893 818 longe
915 735 1140 816 praestantior

73 836 111 882 11.
125 827 175 887 est
203 843 300 906 quam
328 821 453 884 ceteris.
493 821 582 905 Ergo
609 821 680 904 ipse
708 821 859 904 Oxyartis
888 822 1004 886 Persae
1032 822 1139 887 filiam

125 921 250 974 mecum
277 908 484 974 matrimonio
508 909 610 986 iunxi,
642 932 706 975 non
730 911 921 994 dedignatus
944 931 982 974 cx
1006 909 1157 1006 captiva

74 1011 104 1058 12
124 998 243 1062 liberos
262 997 388 1062 tollere.
424 996 501 1063 Mox
520 998 642 1082 deinde,
666 1020 738 1062 cum
763 998 896 1082 stirpem
920 999 1048 1082 generis
1073 1000 1138 1063 mei

125 1086 223 1151 latius
255 1106 433 1170 propagare
461 1107 622 1170 cuperem,
652 1109 782 1151 uxorem
804 1086 903 1151 Darei
929 1086 1031 1150 filiam
1060 1088 1138 1151 duxi

125 1175 344 1258 proximisque
363 1175 540 1239 amicorum
560 1177 671 1238 auctor
689 1175 737 1239 fui
756 1197 794 1239 ex
808 1175 945 1259 captivis
959 1176 1138 1256 generandi

124 1263 258 1347 liberos,
293 1267 329 1327 ut
360 1262 422 1326 hoc
454 1284 545 1327 sacro
576 1262 705 1327 foedere
733 1285 828 1327 omne
856 1263 1029 1328 discrimen
1057 1265 1138 1328 victi

74 1365 105 1410 13
125 1355 159 1416 et
178 1351 309 1416 victoris
329 1351 537 1415 excluderem.
578 1350 715 1415 Proinde
735 1352 861 1435 genitos
880 1372 949 1415 esse
968 1373 1025 1416 vos
1045 1352 1137 1433 mihi,

125 1461 192 1503 non
216 1439 356 1502 adscitos
380 1438 500 1502 milites
524 1438 651 1502 credite.
691 1439 787 1502 Asiae
810 1443 844 1503 et
865 1439 1016 1522 Europae
1034 1461 1136 1504 unum

126 1530 223 1612 atque
247 1526 332 1588 idem
361 1545 495 1608 regnum
524 1530 581 1589 est.
617 1524 829 1591 Macedonum
855 1527 948 1592 vobis
971 1549 1062 1610 arma
1085 1528 1136 1609 do,

125 1613 303 1678 inveteravi
327 1613 531 1697 peregrinam
553 1614 742 1679 novitatem.
791 1614 836 1680 Et
860 1616 943 1680 cives
967 1616 1031 1680 mei
1056 1616 1136 1680 estis

74 1716 106 1764 14
125 1707 159 1766 et
178 1702 305 1766 milites.
343 1700 460 1767 Omnia
481 1704 616 1767 eundem
635 1703 754 1769 ducunt
772 1705 926 1769 colorem:
949 1725 1009 1769 nec
1027 1703 1136 1770 Persis

54 1829 57 1835 ·
125 1791 336 1856 Macedonum
365 1813 488 1855 morem
512 1792 702 1856 adumbrare
725 1814 785 1857 nec
807 1791 1036 1857 Macedonibus
1059 1792 1134 1857 Per-

126 1902 179 1944 sas
199 1881 322 1944 imitari
340 1879 534 1944 indecorum.
566 1880 719 1975 Eiusdem
738 1881 817 1945 iuris
837 1902 911 1945 esse·
926 1880 1056 1962 debent,
1081 1881 1136 1964 qui

126 1968 185 2032 sub
209 1969 321 2031 eodem
343 1987 419 2050 rege
442 1968 558 2030 victuri
581 1967 676 2032 sunt?

213 2055 286 2118 Hae
313 2056 450 2118 oratione
477 2055 583 2118 tabita
604 2055 710 2120 Persis
736 2056 871 2137 eorporis
893 2057 944 2121 sni
965 2058 1136 2122 arcadiam

125 2142 260 2224 credidit,
284 2141 397 2206 Persas
418 2142 574 2226 satellites,
602 2143 716 2208 Persas
738 2145 930 2225 apparitores
950 2144 1029 2224 feeit.
1073 2145 1136 2209 Per

123 2250 199 2312 qnos
225 2250 294 2294 earn
323 2231 518 2308 Macedones,
546 2232 601 2312 qni
624 2231 695 2296 baia
716 2234 858 2298 seditioni
880 2233 1065 2298 occasionem
1088 2235 1136 2298 de·

124 2319 251 2403 dissent,
281 2319 375 2384 anai·
403 2319 446 2384 aa
474 2320 628 2401 snpplicia
660 2320 864 2404 traherentur,
895 2341 994 2386 nnrrrn
1021 2341 1058 2385 en
1084 2323 1135 2406 iis,

125 2410 305 2473 anctoritate
322 2413 351 2472 et
367 2413 464 2474 aetate
482 2429 607 2490 pruvera
625 2411 668 2473 ad
683 2429 782 2492 repara
798 2411 845 2474 ita
864 2410 996 2474 loentum
1012 2410 1135 2488 ferant:

552 2567 631 2634 Car.
653 2566 710 2632 IV.

91 2688 104 2734 1
213 2671 433 2756 ‘Quousque'
466 2674 582 2756 inquit,
612 2671 736 2737 ‘animo
766 2678 823 2738 tuo
851 2675 949 2738 etiarn
975 2696 1034 2757 per
1060 2676 1187 2758 sup-13

125 2762 223 2845 plicia
251 2766 284 2826 et
313 2761 443 2845 quidem
474 2762 598 2826 externi
631 2762 731 2825 moris
760 2763 972 2846 obsequeris?
1012 2762 1135 2828 Milites

124 2850 188 2932 tui,
211 2850 296 2913 cives
320 2850 377 2932 tui,
400 2850 564 2934 incognita
587 2871 684 2914 causa
702 2851 839 2932 captivis
858 2852 925 2915 suis
944 2850 1135 2916 ducentibus

124 2937 298 3000 trahuntur
326 2938 366 3002 ad
398 2960 545 3020 poenam.
595 2935 629 3003 Si
657 2942 795 3002 mortem
822 2940 978 3004 meruisse
1004 2940 1136 3023 iudicas,

89 3026 240 3090 asaltem
273 3026 439 3090 ministros
473 3026 624 3110 supplicii
654 3025 765 3091 muta.²
816 3028 929 3092 Amico
959 3029 1080 3113 animo,
1108 3028 1136 3092 si

125 3116 194 3179 veri
220 3115 348 3198 patiens
376 3115 504 3197 fuisset,
531 3115 778 3198 admonebatur,
806 3116 860 3180 sed
883 3116 918 3178 in
940 3116 1064 3181 rabiem
1087 3117 1137 3180 ira

124 3207 325 3283 pervenerat.
370 3203 483 3286 Itaque
506 3224 616 3267 rursus
642 3239 683 3248 -
706 3225 782 3267 nam
805 3225 991 3288 parumper,
1019 3205 1135 3288 quibus

124 3289 318 3373 imperatum
356 3295 439 3374 erat,
475 3291 703 3356 dubitaverant
729 3325 767 3337 -
794 3291 898 3374 mergi
933 3293 968 3355 in
1001 3314 1136 3374 amnem,

90 3391 105 3438 3
125 3378 208 3443 sicut
230 3379 331 3443 vineti
355 3382 461 3463 erant,
484 3379 589 3444 iussit.
624 3378 693 3444 Nec
714 3379 775 3442 hoc
794 3379 924 3460 quidem
943 3382 1137 3465 supplicium

126 3467 316 3532 seditionem
345 3468 486 3532 militurn
514 3469 626 3532 movit.
674 3465 821 3548 Namque
849 3468 1015 3550 copiarum
1040 3469 1137 3534 duces

123 3559 258 3640 atquet
306 3556 312 3567 '
398 3556 467 3620 eius
494 3556 654 3639 manipuli
687 3554 820 3636 adeunt,
849 3560 1009 3637 petentes,
1037 3561 1086 3639 ut,
1110 3559 1137 3622 si
