2422 3892
144 167 207 230 100
515 164 546 231 o.
565 164 777 220 cussinum
1046 149 1063 186 ⁶

142 313 275 396 gravato
305 309 458 373 ebrietate
488 311 629 372 mentem
657 309 746 393 quies
772 309 923 393 reddidit,
954 311 1153 394 paenituisse

142 402 269 464 constat
289 396 325 462 ¹et
346 396 476 479 dixisse,
500 396 638 461 maiores
659 416 781 479 poenas
804 394 934 461 Graecis
957 396 1073 463 Persas
1094 399 1152 463 da·

141 490 231 551 turos
259 485 370 568 fuisse,
399 485 427 547 si
453 485 560 566 ipsum
585 484 620 546 in
648 483 728 548 solio
755 484 907 568 regiaque
929 483 1044 549 Xerxis
1075 508 1152 551 con-

61 590 65 598 “
91 596 122 643 12
143 575 263 659 spicere
286 572 388 637 coacti
411 574 526 636 essent.
567 570 700 636 Postero
725 571 775 635 die
797 569 905 654 Lycio,
927 572 1062 656 itineris,
1085 595 1151 657 quo

141 662 304 726 Persidem
325 660 514 742 intrauerat,
538 659 623 740 duci,
645 676 716 722 xxx
737 660 862 723 talenta
884 659 969 724 dono
993 660 1087 724 dedit.
1189 691 1192 694 ⁴

230 749 314 812 Hine
344 748 380 810 in
410 748 575 831 regionem
605 746 729 810 Mediae
760 747 902 830 transiit,
936 747 992 812 ubi
1024 749 1152 832 supple·

141 840 286 900 mentum
308 856 465 900 novorum
487 855 505 898 e
528 831 639 897 Cilicia
661 834 799 899 militum
822 834 967 899 occurrit
1000 834 1152 900 Peditum

143 927 235 986 erant
247 942 270 986 v
284 922 381 1005 milia,
400 923 522 1005 equites
536 921 637 986 mille:
655 922 799 1005 utrisque
812 921 931 986 Platon
941 921 1152 988 Atheniensis

142 1014 296 1095 praeerat.
341 1008 401 1074 His
429 1010 529 1093 copiis
557 1012 669 1074 auctus
691 1007 833 1072 Dareum
859 1010 1006 1093 persequi
1029 1012 1153 1075 statuit.

554 1165 632 1232 Gar.
655 1166 744 1231 VlII.

109 1296 122 1343 1
229 1274 287 1340 Ille
310 1275 375 1338 iam
387 1272 555 1337 Ecbatana
578 1275 775 1356 pervenerat.
811 1269 917 1357 Caput
928 1273 1052 1338 Mediae
1071 1273 1151 1339 urbs
1162 1276 1208 1340 24

142 1365 234 1428 haec:
256 1382 342 1427 nunc
357 1363 470 1425 tenent
482 1360 595 1423 Parthi
613 1380 712 1441 eaque
730 1360 852 1425 aestiva
871 1361 1039 1444 agentibus
1058 1361 1152 1426 sedes

144 1454 200 1513 est.
244 1447 343 1513 Adire
370 1447 484 1511 deinde
506 1446 625 1511 Bactra
647 1447 841 1530 decreuerat,
871 1448 1082 1532 sedveritus,
1108 1470 1152 1513 ne

143 1536 305 1600 celeritate
340 1534 516 1598 Alexandri
556 1538 776 1618 occuparetur,
821 1535 990 1600 eonsilium
1028 1537 1177 1619 iterque

110 1645 125 1690 2
144 1624 290 1710 mutaut.
327 1621 451 1686 Aberat
473 1621 514 1685 ab
537 1642 575 1686 eo
598 1621 778 1686 Alexander
801 1623 904 1687 stadia
925 1641 985 1707 nn,
1008 1625 1063 1688 sed
1086 1624 1154 1688 iam

144 1712 268 1776 nullum
303 1709 512 1774 intervallum
544 1709 696 1774 adversus
731 1711 932 1775 velocitatem
969 1712 1037 1776 eius
1072 1712 1153 1776 satis

142 1800 277 1883 longum
304 1798 480 1862 videbatur.
523 1795 637 1880 Itaque
663 1798 785 1881 proelio
810 1798 915 1883 magis
937 1820 1033 1881 quam
1054 1798 1153 1883 fugae

109 1907 178 1954 ase
205 1885 428 1970 praeparabat.
478 1902 549 1949 xxx
571 1885 660 1948 milia
689 1885 830 1968 peditum
859 1886 1087 1969 sequebantur,
1116 1887 1155 1952 in

144 1974 259 2057 quibus
278 1972 470 2037 Graecorum
493 1976 586 2036 erant
606 1990 657 2036 1111
670 1973 767 2055 milia,
789 1972 851 2036 fide
873 1973 922 2036 illi
944 1993 1021 2059 erga
1042 1993 1154 2058 regem

40 2101 43 2107 -
84 2061 186 2126 ¹aad
208 2061 358 2124 ultimum
388 2056 518 2124 invictass
561 2058 773 2125 Pimditorum
804 2081 931 2145 quoque
958 2065 990 2124 et
1019 2062 1154 2145 sagitta-

144 2149 265 2212 riorum
295 2168 410 2211 manus
441 2165 492 2211 1111
518 2147 607 2211 milia
638 2149 831 2231 expleverat:
867 2152 995 2232 praeter
1024 2147 1084 2213 hos
1113 2167 1155 2214 111

145 2235 234 2299 milia
269 2239 302 2300 et
338 2252 400 2301 coc
431 2235 554 2320 equites
590 2239 694 2319 erant,
730 2236 867 2299 maxime
898 2235 1154 2302 Bactrianorum.

110 2341 126 2390 5
144 2323 264 2388 Bessus
286 2325 442 2407 praeerat,
462 2322 654 2388 Bactrianae
675 2323 816 2407 regionis
838 2324 1028 2406 praefectus.
1071 2322 1154 2389 Cum

144 2412 205 2477 hoo
228 2411 356 2496 agmine
378 2411 510 2494 paulum
533 2410 705 2474 declinavit
725 2411 779 2475 via
800 2411 933 2476 militari
949 2411 1044 2476 iussis
1063 2433 1155 2494 prae-

110 2500 254 2566 ecedere
285 2499 359 2562 lixis
390 2498 740 2582 inpedimentorumque
768 2499 963 2564 custodibus.
1008 2496 1153 2564 Consilio

145 2588 257 2652 deinde
285 2587 453 2669 aduocato,
486 2582 536 2649 ‘si
559 2607 631 2649 cum
653 2585 803 2670 ignavis',
835 2587 952 2670 inquit,
980 2583 1029 2650 ‘et
1050 2586 1154 2668 pluris

146 2676 407 2759 qualemcumque
428 2674 529 2738 vitam
548 2673 686 2737 honesta
702 2676 805 2738 morte
824 2673 1070 2739 aestimantibus
1087 2673 1154 2738 for-

144 2766 224 2826 tuna
246 2782 293 2826 me
314 2761 478 2843 iunxisset,
500 2764 639 2825 tacerem
660 2761 777 2845 potius,
800 2783 896 2845 quam
918 2761 1039 2826 frustra
1055 2761 1155 2826 verba

111 2868 374 2915 Froonsumerem.
408 2846 470 2912 Sed
492 2849 622 2933 maiore,
645 2869 741 2933 quam
757 2850 885 2933 uellem,
908 2849 1098 2914 documento
1122 2855 1156 2913 et

145 2936 296 2999 virtutem
318 2940 458 3000 vestram
481 2939 514 2999 et
532 2936 628 3000 fidem
646 2940 795 3020 expertus
814 2937 917 3022 magis
936 2937 1034 3001 etiam
1052 2937 1155 3000 coniti

146 3023 259 3106 debeo,
291 3025 329 3086 ut
356 3023 473 3106 dignus
499 3023 618 3088 talibus
642 3025 751 3088 amicis
775 3025 848 3108 sim,
881 3046 976 3109 quam
999 3023 1156 3110 dubitare,

111 3131 188 3179 san
214 3110 314 3175 vestri
341 3110 459 3173 similes
487 3109 591 3174 adhuc
618 3110 697 3176 sitis.
746 3111 797 3175 Ex
824 3115 874 3177 tot
901 3113 1044 3196 milibus,
1072 3133 1155 3195 quae

145 3199 205 3263 sub
227 3197 361 3282 imperio
383 3198 515 3272 fuerunt
536 3220 621 3282 meo,
648 3200 698 3264 bis
720 3221 771 3263 me
793 3199 927 3285 victum,
954 3200 1005 3265 bis
1027 3200 1155 3284 fugien-

110 3291 211 3355 stem
241 3286 400 3370 persecuti
431 3285 516 3351 estis.
565 3286 658 3353 Fides
689 3291 799 3372 vestra
828 3292 862 3352 et
891 3287 1085 3370 constantia,
1116 3293 1157 3352 ut

146 3395 254 3459 regem
277 3395 327 3438 me
346 3396 414 3439 esse
433 3375 568 3459 credam,
589 3375 677 3440 facit.
712 3373 896 3441 Proditores
915 3380 949 3441 et
965 3375 1156 3459 transfugae

135 3458 174 3522 1⁷11
208 3463 342 3527 urbibus
370 3463 452 3528 meis
484 3467 636 3550 regnant:
672 3484 748 3548 non,
778 3463 918 3547 hercule,
955 3464 1030 3548 quia
1060 3465 1157 3529 tanto

114 3546 251 3613 bonore
279 3551 377 3636 digni
396 3553 582 3641 habentur,
614 3552 673 3620 sed
694 3555 734 3618 ut
753 3552 907 3638 praemiis
927 3573 1039 3615 eorum
1055 3553 1160 3617 uestri
