2422 3892
141 164 184 229 36
513 165 545 233 Q.
565 165 675 221 OURTI
692 156 779 221 RUFI
907 207 910 214 .

139 311 292 376 nantibus
315 310 511 393 profundum
533 333 629 394 mare,
653 311 737 394 quod
760 312 813 375 vix
836 311 944 375 divina
963 333 1023 394 ope
1040 315 1155 395 posset

139 400 264 481 inpleri.
304 398 393 475 Quae
417 421 494 462 saxa
515 402 583 462 tam
606 405 712 481 vasta,
735 421 815 483 quas
837 402 905 463 tam
927 414 1078 483 proceras
1102 422 1152 465 ar·

139 487 234 551 bores
263 508 358 570 posse
386 487 540 569 reperiri?
576 486 807 551 exhauriendas
834 509 904 552 esse
927 489 1090 572 regiones,
1114 493 1154 554 ut

139 575 218 638 illud
238 576 378 657 spatium
397 579 658 658 exaggeraretur:
681 579 866 639 exaestuare
883 597 1008 659 semper
1020 577 1153 662 fretum,

90 770 120 817 a
140 664 581 815 tllqllstlillrlllllli
600 664 1152 836 tl‘rtttttrttttt

139 839 300 902 tractandi
331 839 486 903 militares
518 841 643 904 animos
675 840 812 922 speciem
844 841 906 904 sibi
934 839 1083 904 Herculis
1114 841 1152 905 in

140 949 253 991 somno
283 927 426 991 oblatam
454 949 523 991 esse
550 928 740 1011 pronuntiat
767 928 911 992 dextram
938 929 1151 1013 porrigentis:

139 1015 195 1078 illo
227 1015 319 1099 duce,
351 1016 406 1080 illo
437 1016 599 1099 aperiente
626 1016 661 1078 in
688 1015 800 1079 urbem
827 1017 948 1080 intrare
976 1037 1010 1080 se
1036 1016 1152 1083 visum.

139 1102 230 1166 Inter
250 1103 330 1168 haec
353 1104 578 1168 caduceatores
599 1103 799 1186 interfectos,
822 1105 967 1188 gentium
989 1105 1061 1168 iura
1083 1105 1152 1169 vio·

139 1191 206 1255 lata
232 1192 404 1256 referebat:
440 1214 539 1255 unam
575 1213 643 1256 esse
677 1191 802 1275 urbem,
834 1213 916 1275 quae
948 1213 1077 1256 cursum
1104 1193 1150 1256 vi-

88 1280 237 1346 rectoris
269 1281 388 1344 morari
416 1301 495 1343 ausa
526 1283 618 1346 esset.
662 1279 804 1344 Ducibus
837 1280 950 1343 deinde
980 1280 1150 1364 negotium

139 1368 247 1449 datur,
269 1371 307 1431 ut
329 1389 403 1431 suos
427 1368 562 1450 quisque
585 1367 730 1450 castiget,
756 1368 896 1450 satisque
919 1368 1069 1432 omnibus
1093 1369 1149 1432 sti-

139 1454 268 1517 mulatis
287 1476 368 1537 opus
387 1475 479 1517 orsus
497 1457 555 1517 est.
590 1453 712 1539 Magna
729 1457 779 1519 vis
798 1477 947 1519 saxorum
960 1456 1001 1519 ad
1015 1477 1150 1520 manum

140 1546 210 1604 erat
222 1539 310 1623 Tyro
332 1546 439 1605 vetere
460 1542 648 1623 praebente:
671 1545 820 1608 materies
841 1565 880 1607 ex
895 1542 1019 1608 Libano
1038 1548 1150 1608 monte

89 1647 120 1694 19
139 1629 263 1692 ratibus
289 1633 323 1692 et
348 1629 490 1693 turribus
516 1629 672 1694 faciendis
698 1631 923 1696 advehebatur.
973 1630 1107 1714 Iamque
1130 1655 1151 1697 a

139 1715 239 1781 fundo
270 1717 369 1781 maris
401 1718 436 1781 in
467 1718 670 1782 altitudinem
701 1717 860 1783 modicam
888 1742 969 1803 opus
997 1724 1151 1804 creverat,

14 1863 20 1868 .
87 1824 121 1872 20
139 1806 284 1870 nondum
310 1810 420 1870 tamen
442 1827 544 1889 aquae
567 1806 735 1891 fastigium
757 1808 930 1891 aequabat:
960 1829 1033 1872 oum
1056 1806 1152 1891 Tyrii

139 1895 246 1976 parvis
277 1895 415 1978 navigiis
447 1894 584 1957 admotis
616 1916 674 1977 per
702 1896 874 1959 ludibrium
902 1895 1152 1980 exprobrabant,

139 1983 213 2044 illos
237 1982 335 2045 armis
357 1982 486 2045 inclitos
509 1981 603 2046 dorso
627 1983 709 2045 sicut
726 1984 871 2048 iumenta
888 2004 987 2047 onera
1005 1986 1151 2067 gestare:
1175 2003 1178 2009 ·

139 2069 386 2153 interrogabant
412 2070 522 2151 otiam,
552 2092 630 2133 num
656 2072 758 2135 maior
785 2070 938 2154 Neptuno
965 2070 1153 2135 Alexander

141 2157 251 2220 esset?
296 2155 385 2221 Haec
411 2157 483 2240 ipsa
509 2158 678 2222 insectatio
706 2160 904 2223 alacritatem
931 2158 1069 2222 militum
1098 2180 1151 2223 ao-

87 2263 121 2312 ar
141 2244 257 2308 cendit.
292 2243 425 2328 Iamque
447 2246 580 2328 paulum
601 2246 702 2310 moles
721 2269 805 2331 aqua
822 2247 984 2311 eminebat
1002 2250 1035 2310 et
1053 2246 1152 2311 simul
1164 2253 1202 2318 11

140 2334 268 2417 aggeris
295 2333 430 2397 latitudo
459 2334 623 2397 crescebat
648 2334 782 2418 urbique
805 2335 1045 2399 admovebatur:
1075 2355 1151 2400 cum

140 2421 230 2504 Tyrii
251 2421 596 2507 magnitudine'molis‚
620 2422 709 2486 cuius
727 2424 960 2487 incrementum
977 2444 1032 2486 eos
1052 2427 1152 2487 antea

140 2511 310 2595 fefellerat,
347 2513 519 2593 conspecta
553 2510 676 2574 levibus
713 2513 852 2596 navigiis
887 2511 1032 2576 nondum
1063 2533 1151 2575 com-

140 2600 275 2663 missum
303 2621 383 2682 opus
411 2598 577 2663 circumire
604 2603 791 2682 coeperunt,
820 2599 995 2663 missilibus
1023 2620 1151 2683 quoque

88 2705 122 2754 22
142 2709 206 2771 eos,
230 2688 285 2772 qui
307 2709 366 2771 pro
389 2709 484 2770 opere
508 2687 647 2768 stabant,
668 2688 836 2751 incessero.
870 2685 982 2750 Multis
1005 2707 1082 2771 ergo
1103 2688 1152 2752 in·

141 2796 226 2858 pune
248 2775 433 2858 vulneratis,
456 2798 529 2839 cum
552 2780 585 2839 et
605 2796 768 2839 removere
787 2779 820 2839 et
837 2775 995 2858 adpellere
1014 2774 1152 2858 scaphas

141 2865 177 2924 in
209 2862 356 2944 expedito
384 2866 481 2946 esset,
513 2862 554 2926 ad
585 2884 694 2926 curam
724 2867 825 2927 semet
853 2863 941 2946 ipsos
968 2863 1080 2927 tuendi
1109 2864 1152 2928 ab

143 2971 238 3033 opere
263 2953 502 3014 converterant:
535 2954 568 3014 et
590 2972 653 3033 quo
675 2950 804 3036 longius
827 2953 929 3016 moles
952 2951 1110 3034 agebatur
1134 2975 1154 3016 a

141 3039 249 3117 litore,
285 3037 346 3101 hoc
378 3040 495 3121 magis,
532 3039 684 3121 quidquid
715 3039 935 3123 ingerebatur,
970 3039 1154 3123 praealtum

90 3148 124 3197 23
143 3125 337 3190 absorbebat
358 3147 455 3189 mare.
499 3125 604 3209 Igitur
629 3148 685 3190 rex
711 3128 929 3192 munientibus
957 3128 1045 3192 coria
1066 3129 1153 3192 vela·

144 3236 205 3298 que
226 3215 321 3277 iussit
343 3214 487 3297 obtendi,
514 3217 552 3277 ut
574 3217 664 3278 extra
685 3216 742 3279 teli
764 3216 884 3280 iactum
907 3219 1027 3298 essent,
1057 3215 1152 3280 duas-

144 3324 205 3386 que
232 3306 336 3365 turres
364 3323 403 3365 ex
429 3303 533 3385 capite
559 3304 654 3367 molis
682 3304 794 3387 erexit,
826 3326 843 3368 e
873 3305 988 3387 quibus
1015 3304 1051 3367 in
1078 3304 1153 3368 sub-

90 3412 126 3462 24
145 3394 257 3454 cuntes
285 3390 421 3474 scaphas
443 3392 509 3455 tela
530 3391 635 3476 ingeri
656 3396 799 3474 possent.
843 3390 965 3457 Contra
984 3392 1073 3476 Tyrii
1094 3413 1153 3457 na-

143 3480 230 3563 vigia
256 3480 368 3561 procul
396 3501 415 3543 a
439 3486 613 3563 conspectu
635 3479 779 3544 hostium
800 3481 888 3545 litori
910 3482 1077 3564 adpellunt
1100 3501 1153 3545 ex-

142 3569 320 3651 positisque
347 3568 504 3634 militibus
530 3588 600 3652 eos,
628 3568 684 3652 qui
710 3588 788 3632 saxa
814 3569 996 3654 gestabant,
1019 3570 1153 3635 obtrun-
