2408 3900
203 99 205 104 ⁵
301 141 552 196 HISTORIARUM
571 141 786 195 auxonam
804 143 838 211 x,
856 150 881 196 4.
928 133 952 239 ζ
1003 143 1094 206 ι271

87 286 191 349 urbem
218 286 304 349 uellet
330 285 457 367 inpredi.
508 284 690 366 Conpertum
718 292 747 349 et
771 286 831 350 sibi
857 307 894 351 en
922 286 1097 366 Chaldaeis,

88 375 142 455 arci
168 374 274 437 multis
301 374 367 437 iam
388 374 636 455 praedictionum
662 374 813 438 eventibus
839 376 917 439 artis
943 396 1016 440 suae
1038 397 1097 440 ecr-

89 462 248 526 titudinem
270 462 389 525 abunde
411 460 630 543 probavissent.
674 461 742 526 Rea
761 463 852 543 famo
874 483 978 527 corum
1000 464 1097 527 borni-

88 570 164 613 uum
190 550 398 631 constantique
420 550 643 638 adseueratione
665 555 764 615 motus
788 551 923 617 dimissis
942 553 975 615 in
994 552 1097 616 urbem

88 639 256 702 amicornm
283 638 438 719 plerisque
469 638 535 702 olio
563 639 615 702 oia
641 643 766 719 praeter
792 639 983 722 Babylonem
1015 641 1098 704 deicit

87 747 125 790 ac
146 727 267 790 duocent'
243 730 282 790 tis
304 726 376 790 inde
392 727 487 790 stadii
487 746 502 790 s
519 728 631 790 stativa
650 726 735 791 locat
773 726 835 793 Sed
850 728 889 792 ab
907 728 1097 793 Anaxarcho

80 814 140 898 pbr
136 813 261 896 losapba
283 815 403 878 edoctus
425 816 599 896 cmtemptis
561 807 846 880 tcsOboldaeorum
870 818 1004 896 monitis,
1027 837 1098 899 qna

87 923 158 966 rum
184 901 421 1004 discplinam
407 923 533 967 inanem
559 908 615 967 out
638 922 857 1004 superuacuam
879 867 1097 982 arbitrabatur,

86 990 262 1055 urbemi
213 995 320 1054 int.rat
355 989 465 1072 Lepat
452 1010 535 1056 canes
558 1011 590 1055 co
613 1011 649 1056 cn
671 993 811 1057 uniuerso
827 993 923 1073 fernce
940 994 1009 1059 arbe
1030 1014 1098 1058 con-

87 1080 253 1158 amnone.
303 1077 419 1158 Quibus
444 1100 503 1160 ρον
533 1079 700 1161 complures
731 1081 795 1145 dies
820 1082 954 1146 studiose
981 1083 1098 1147 auditis

88 1167 226 1253 deinceps
243 1168 286 1231 ad
302 1166 536 1247 Hephaestionis
553 1169 694 1249 excomm
711 1169 822 1233 adiecit
834 1171 983 1234 animum.
1013 1171 1098 1250 <triac

86 1273 206 1318 summo
226 1255 409 1318 omniumt
380 1255 480 1320 studia
502 1257 549 1320 ito
571 1257 733 1320 commotae
754 1261 840 1341 sunt,
862 1263 899 1322 ut
918 1259 1038 1323 nullius
1055 1260 1099 1322 ad

87 1343 123 1407 id
143 1339 260 1424 tempus
287 1344 367 1425 repis
391 1343 505 1423 feralia
530 1350 649 1446 mmrcit
631 1345 742 1409 'tudim
767 1307 945 1428 suniptnnm
962 1366 1096 1427 appara
1186 1355 1190 1362 '

88 1435 193 1511 tusone
215 1430 381 1496 celebritate
402 1452 465 1496 non
484 1433 618 1496 auulnt.
599 1433 730 1498 tPost
750 1433 823 1498 laec
844 1436 953 1516 cupido
976 1436 1099 1500 incessit

86 1520 151 1600 rapi
176 1539 234 1600 per
256 1518 455 1601 Pallacopam
478 1541 599 1585 ommm
623 1523 667 1585 ad
687 1520 829 1585 Arabum
851 1523 988 1605 confinia
1010 1524 1096 1587 naai-

83 1608 198 1689 pandi:
221 1628 280 1689 quo
298 1609 427 1692 delatus,
445 1609 515 1672 urbi
533 1610 703 1674 condendae
720 1611 876 1675 cammada
893 1612 961 1676 sede
978 1616 1098 1692 reperta

89 1693 276 1759 Graecorum
294 1701 392 1760 aetate
409 1701 465 1761 anot
476 1697 652 1761 uulneribus
664 1698 818 1763 invalidos
831 1704 868 1781 et,
885 1700 982 1780 siqui
994 1705 1097 1780 sponte

88 1787 308 1863 remanserant,
335 1783 379 1849 rbi
405 1785 548 1848 coriloeat.
587 1784 702 1864 Quibus
724 1805 761 1849 en
782 1788 932 1850 sententia
952 1788 1098 1868 perfectis

87 1873 152 1935 iam
168 1873 270 1952 futuri
285 1891 410 1937 scurrus
433 1871 603 1937 Chaldaeos
623 1873 783 1952 inridebat,
806 1875 888 1955 quod
905 1874 1097 1957 Babylonem

87 1980 149 2023 nou
175 1961 328 2042 inpressas
355 1965 474 2025 tontum
502 1965 576 2025 esset
601 1961 774 2044 incolumis,
801 1981 904 2026 oerum
932 1964 1025 2026 etiam
1048 1983 1096 2028 coc·

88 2049 228 2114 cessisset.
267 2048 647 2130 utinamutinam
663 2049 808 2130 paludes,
826 2070 904 2130 quas
921 2049 1097 2132 Euphrates

91 2137 123 2199 in
145 2135 345 2218 Pallacopam
367 2136 483 2217 efflisus
502 2137 748 2221 estleitfaedum
771 2157 858 2201 omen
885 2138 1019 2203 oblatum
1046 2144 1096 2203 est.

91 2223 206 2305 Quippe
231 2226 314 2288 rami
340 2225 465 2306 desuper
490 2226 684 2307 inpendentes
708 2226 876 2289 detractum
899 2227 994 2307 capiti
1015 2228 1097 2308 repia

87 2313 231 2377 diadema
251 2313 444 2394 proiecerunt
470 2314 505 2377 in
529 2314 649 2395 fluctus.
685 2311 763 2377 (nrm
790 2315 896 2378 deinde
918 2316 984 2379 alia
1006 2334 1097 2398 uper

87 2401 154 2464 alia
175 2401 349 2483 prodipiosa
370 2406 400 2465 et
420 2401 554 2466 minacia
574 2402 807 2485 nuntiarentur,
828 2403 1036 2483 promeandis
1053 2404 1096 2468 eis

88 2488 205 2554 Graeco
227 2490 321 2555 simul
345 2489 532 2571 barbaroque
553 2491 618 2553 ritu
640 2491 786 2555 continua
807 2491 999 2571 sacrosacta
1016 2495 1097 2555 sicut.

88 2578 193 2659 Neque
224 2582 325 2642 tomen
357 2579 478 2659 expiari
498 2583 715 2658 praeterquam
741 2583 836 2643 morte
862 2580 942 2662 repis
965 2583 1096 2661 potuere.

90 2665 151 2744 Qut
176 2686 245 2729 cum
268 2665 444 2729 Nmrcbnm
471 2666 630 2746 excepisset
655 2667 790 2731 conaimo
816 2667 938 2749 mutam
964 2668 1097 2731 cubitum

90 2755 189 2818 iturus
215 2758 302 2836 esset,
328 2753 430 2817 Medii
455 2753 614 2818 Larissaci
641 2753 761 2820 obnixis
777 2755 920 2837 precibus
946 2756 1040 2837 dedit,
1062 2761 1098 2819 ut

87 2843 130 2905 ad
155 2862 223 2906 eum
250 2841 445 2906 comissatum
471 2841 591 2907 veniret.
642 2842 704 2908 Ubi
729 2848 895 2924 posnam
924 2849 986 2929 tota
1013 2847 1097 2908 noeto
1123 2869 1125 2873 ·

81 2931 266 3012 perpotavit,
289 2930 369 2994 male
389 2929 497 2994 labere
518 2931 620 3010 eoepit.
658 2931 876 3014 Inproaesems
893 2932 1000 2996 deinde
1016 2952 1097 2997 mor-

86 3020 142 3085 bus
164 3020 238 3084 odeo
261 3039 362 3084 omncs
384 3020 463 3084 vires
485 3020 571 3084 intra
591 3024 710 3084 sectum
732 3021 810 3085 diem
834 3019 984 3103 enbousit,
1006 3026 1041 3084 ut
1060 3040 1098 3084 ne

86 3109 166 3174 vocis
193 3110 313 3190 aridem
335 3111 470 3189 potestas
495 3112 575 3172 esset.
614 3107 737 3173 Interea
759 3109 871 3173 milites
893 3108 1098 3173 sollieitudine

86 3197 290 3278 desiderioque
321 3198 387 3262 eius
417 3197 520 3279 annii,
551 3216 735 3277 quamquam
768 3196 983 3262 obtestantibus
1013 3197 1096 3261 duci-

87 3283 155 3367 bus,
181 3306 220 3349 ne
241 3286 440 3350 ualitudinem
462 3286 542 3366 repis
565 3289 736 3366 onerarent,
760 3289 982 3366 expresserunt,
1006 3290 1040 3350 nt
1064 3285 1097 3348 in

86 3376 272 3455 compactum
295 3375 359 3439 eius
381 3374 621 3440 admitterentur.
