2422 3892
279 139 533 220 HISTORIARUM
552 139 768 196 ALEXANDRI
786 140 838 210 IV,
859 146 901 196 14.
1052 141 1092 204 71

85 305 158 348 rum
188 283 250 349 fuit
278 284 432 369 partium,
468 285 655 369 exercitum,
691 306 785 369 quem
817 305 918 368 paene
949 286 1096 350 inmensa

85 372 235 457 planities
253 373 307 437 vix
325 375 460 457 caperet,
483 373 670 456 conparavi:
693 394 800 457 equos,
824 394 914 437 arma
932 372 1094 437 distribui:

87 463 284 527 commeatus
319 483 361 526 111
392 465 502 526 tantae
533 461 732 525 multitudini
763 460 922 543 deessent,
958 460 1095 543 providi:

87 549 205 632 locum,
227 549 262 612 in
284 570 348 632 quo
371 551 455 614 acies
478 550 629 632 explicari
650 552 772 633 posset,
796 549 886 634 elegi.
925 546 1147 618 0111111113

87 639 193 700 vestra
213 640 374 720 potestate
397 640 487 702 sunt:
510 637 624 702 audete
646 637 741 702 modo
759 637 886 701 vincere
904 635 1095 719 famamque,

87 724 338 789 infirmissimum
361 725 512 790 adversus
534 725 634 790 fortes
657 725 743 790 viros
760 725 869 807 telum,
892 724 1095 789 contemnite.

41 808 262 877 tabernarias
286 817 343 896 est,
365 835 462 897 quam
485 813 589 878 adhuc
611 835 670 896 pro
688 813 806 877 virtute
824 813 990 878 timuistis:
1014 833 1095 896 quae

86 901 142 965 ubi
163 901 303 984 primum
313 902 480 985 'impetum
503 901 627 984 effudit,
653 901 741 965 velut
763 901 919 983 quaedam
943 900 1096 964 animalia

87 989 204 1054 emisso
236 988 359 1072 aculeo,
393 992 509 1073 torpet.
554 988 598 1054 Hi
626 1009 702 1052 vero
730 989 835 1071 campi
860 988 1095 1072 deprehendere
1116 1009 1149 1058 14

87 1076 295 1158 paucitatem,
322 1097 419 1158 quam
442 1076 572 1142 Ciliciae
598 1079 725 1141 montes
753 1075 995 1141 absconderant
1039 1075 1096 1141 Vi·

88 1163 170 1226 detis
203 1162 329 1227 ordines
360 1184 463 1245 raros,
500 1185 619 1233 cornua
650 1165 792 1245 extenta,
827 1163 965 1227 mediam
995 1165 1096 1229 aciem

87 1271 217 1333 vanam,
241 1250 376 1314 exhaust
361 1253 444 1315 tam:
475 1272 552 1315 nam
574 1251 694 1334 ultimi,
717 1270 797 1334 quos
819 1251 938 1315 locavit
960 1272 1096 1335 aversos,

86 1339 210 1421 terga
200 1360 266 1403 ram
287 1340 450 1422 praebent
428 1339 622 1421 tObteri,
644 1338 839 1422 mehercule,
862 1359 1016 1422 equorum
1038 1360 1096 1403 un·

87 1427 168 1510 gulis
204 1430 353 1510 possunt,
390 1427 515 1490 etiamsi
545 1389 627 1490 nihil
658 1429 785 1510 praeter
814 1426 951 1491 falcatos
987 1448 1096 1492 currus

87 1515 229 1579 emisero.
274 1513 319 1579 Et
341 1515 425 1579 bello
448 1515 631 1597 vicerimus,
655 1515 683 1578 si
704 1513 837 1578 vicimus
860 1501 997 1598 proelio:
1020 1535 1148 1586 1111111

86 1623 127 1665 11
154 1603 218 1666 illis
246 1602 375 1686 quidem
398 1603 438 1667 ad
459 1603 571 1688 fugam
594 1603 684 1667 locus
707 1603 785 1666 est:
805 1603 882 1666 hinc
903 1602 1096 1688 Euphrates,

87 1690 176 1755 illinc
208 1689 313 1773 Tigris
345 1691 495 1773 prohibet
526 1691 676 1754 inclusos.
731 1688 776 1753 Et
807 1711 888 1773 quae
915 1694 1011 1755 antea
1036 1714 1095 1775 pro
1116 1713 1148 1762 11

91 1777 155 1840 illis
179 1781 278 1860 erant,
300 1777 335 1840 in
357 1779 550 1843 contrarium
568 1800 661 1842 versa
679 1781 765 1843 sunt.
802 1776 959 1843 Nostrum
977 1779 1095 1843 mobile

88 1867 121 1928 11
149 1865 331 1948 expeditum
358 1885 475 1949 agmen
501 1869 562 1948 est,
593 1867 674 1931 illud
699 1865 819 1949 praeda
846 1885 951 1950 gravo.
996 1865 1095 1951 Inpli-

88 1957 176 2018 catos
204 1973 280 2038 ergo
309 1954 419 2037 spoliis
441 1955 560 2019 nostris
582 1955 828 2037 trucidabimus,
851 1953 1021 2038 eademque
1044 1976 1095 2020 res

87 2044 120 2104 et
137 2063 234 2106 causa
254 2041 315 2106 erit
331 2042 534 2106 victoriaet
502 2065 518 2106 e
520 2043 682 2108 t.fructus
715 2042 836 2118 Quodsi
855 2064 949 2126 quem
968 2063 984 2107 e
1003 2043 1094 2108 vobis
1116 2065 1147 2113 17

86 2150 205 2193 nornen
233 2130 338 2214 gentis
367 2133 490 2213 movet,
522 2131 654 2215 cogitet,
627 2131 895 2195 tMaoedonum
917 2130 983 2195 11111
1006 2153 1096 2195 arma

89 2236 173 2300 1111,
195 2238 261 2281 111
284 2239 426 2303 corpora.
474 2180 614 2282 ldultum
636 2220 722 2283 enim
746 2219 937 2304 sanguinem
958 2219 1095 2283 invicem

87 2267 265 2390 hausimus,
297 2310 330 2371 11
355 2327 480 2390 semper
502 2307 630 2390 gravior
651 2309 686 2371 in
708 2307 869 2408 paucitate
891 2307 1015 2370 iactura
1038 2310 1095 2371 est.

86 2391 172 2456 Nam
203 2391 399 2477 Alexander,
436 2398 710 2478 quantuscumque
743 2394 869 2495 ignavis
907 2396 939 2456 et
974 2393 1095 2458 timidis
1116 2415 1148 2464 18

86 2481 186 2545 videri
212 2484 332 2565 potest,
361 2503 461 2546 unum
484 2483 603 2546 animal
625 2487 675 2547 est
697 2484 741 2564 et,
770 2482 797 2545 11
825 2480 902 2564 quid
927 2480 1008 2543 mihi
1030 2502 1096 2544 ore-

86 2568 170 2651 ditis,
192 2569 398 2633 temerarium
417 2574 449 2633 et
466 2591 585 2646 vecors,
602 2569 705 2633 adhuc
722 2572 834 2632 nostro
852 2588 979 2650 pavore,
999 2589 1095 2652 quam

86 2678 145 2720 sua
174 2657 291 2720 virtute
317 2657 450 2721 felicius.
494 2655 586 2721 Nihil
613 2660 721 2720 autem
747 2657 855 2739 potest
882 2654 1147 2726 1111111111-11

86 2765 178 2825 num,
211 2745 261 2806 cui
287 2764 355 2807 non
382 2744 492 2808 subest
517 2745 609 2808 ratio.
654 2743 744 2808 Licet
768 2743 906 2807 felicitas
934 2743 1095 2827 adspirare

85 2831 246 2914 videatur,
281 2833 391 2893 tamen
422 2832 462 2906 ad
493 2831 641 2895 ultimum
672 2831 845 2895 temeritati
876 2852 943 2896 non
969 2832 1095 2897 sufficit.

86 2919 257 2983 Praeterea
288 2919 399 2982 breves
433 2924 466 2983 11
496 2919 666 2984 mutabiles
695 2919 779 2984 vices
806 2941 913 2984 rerum
942 2924 1031 3005 sunt,
1062 2923 1096 2984 et

85 3008 217 3072 fortuna
247 3028 423 3091 numquam
450 3007 636 3091 simpliciter
666 3007 821 3093 indulget.
871 3006 1022 3072 Forsitan
1048 3009 1095 3072 ita
1114 3029 1147 3078 1ο

87 3096 131 3159 dii
160 3097 228 3160 fata
258 3095 487 3178 ordinaverint,
525 3099 562 3159 ut
595 3096 764 3160 Persarum
794 3096 977 3180 imperium,
1009 3096 1096 3178 quod

87 3184 226 3249 secundo
250 3206 345 3249 cursu
367 3206 425 3268 per
444 3201 672 3250 1111111111
692 3185 732 3249 ad
751 3206 912 3249 summum
927 3183 1095 3267 fastigium

87 3275 257 3336 evexerant
260 3292 415 3356 ,magno
443 3275 512 3337 mot
512 3295 534 3336 u
561 3275 767 3337 concuterent
793 3271 898 3356 magis
921 3293 1017 3355 quam
1041 3271 1093 3335 ad·

85 3359 235 3462 fligerent
257 3359 526 3444 admonerentque
544 3382 604 3426 nos
618 3360 804 3444 fragilitatis
817 3358 986 3437 humanae.
1005 3360 1093 3424 cuius

84 3447 186 3512 nimia
215 3449 251 3512 in
280 3450 442 3531 prosperis
472 3449 566 3513 rebus
595 3449 790 3512 obliviot
741 3451 799 3512 est
843 3447 949 3514 Modo
964 3432 1094 3512 Graecis
1113 3467 1144 3514 11

84 3535 170 3599 ultro
188 3536 307 3601 bellum
325 3537 557 3601 inferebamus:
579 3558 665 3600 nunc
683 3537 718 3599 in
737 3536 866 3600 sedibus
883 3536 1002 3602 nostris
1020 3556 1093 3618 pro-
