2408 3900
328 164 582 221 HISTORIARUM
599 166 815 220 ALEXANDRI
831 167 866 237 X,
886 175 909 222 1.
1058 166 1121 229 259

113 309 295 389 septiremis
324 331 436 374 omnes
465 331 534 374 2222
562 311 738 394 deducique
764 309 943 393 Babylona
987 308 1122 392 prrio·

112 417 185 458 rum
212 396 343 479 regibus
369 399 581 482 imperatum,
612 403 648 462 ut
675 420 729 463 aes
753 403 968 482 stuppamque
996 402 1029 461 et
1052 399 1122 462 vela
1149 416 1151 421 ’

112 483 312 567 praeberent.
344 485 434 550 Haec
453 486 562 568 agenti
576 485 652 551 Pori
673 491 706 551 et
719 486 843 551 Taxilis
862 506 974 569 regum
993 486 1122 550 litterae
1141 498 1175 547 22

112 571 298 657 traduntur,
335 573 495 637 Abisaren
528 575 656 653 morbo,
693 574 893 658 Philippum,
924 573 1123 657 praefectum

113 661 225 744 ipsius,
248 683 287 725 ex
302 662 435 726 vuulnere
454 663 603 726 interisse
622 684 865 746 oppressosque,
889 663 944 747 qui
961 662 1126 726 vulneras-2

114 752 185 812 sent
218 771 300 814 eum.
347 749 452 834 Igitur
484 749 636 833 Philippo
669 751 840 816 substituit
870 751 1122 816 Eudaemonem:
1141 762 1174 809 21

114 835 177 900 dux
197 842 267 901 erat
280 838 449 903 Thracum.
478 838 626 902 Abisaris
645 859 778 924 regnum
796 840 863 903 filio
880 840 948 904 eius
963 834 1123 903 attribuit.

82 923 103 984 4
201 924 344 991 Ventum
373 932 423 992 est
445 927 558 991 deinde
580 926 781 1010 Parsagada:
808 927 940 992 Persica
963 930 1013 991 est
1035 948 1124 1011 gens,
1142 937 1175 985 22

113 1014 202 1076 22122
226 1018 371 1097 satrapes
390 1014 521 1081 Orsines
544 1020 623 1095 erat,
645 1014 817 1081 nobilitate
840 1038 878 1080 ac
898 1016 1019 1080 divitiis
1038 1017 1123 1080 inter

114 1121 224 1169 omnes
241 1101 398 1168 barbaros
417 1105 569 1169 eminens.
601 1102 710 1168 Genus
725 1104 863 1169 ducebat
878 1127 897 1168 2
911 1102 1006 1187 Oyro,
1024 1125 1122 1188 quon·
1142 1114 1176 1162 23

114 1186 189 1251 dam
220 1210 296 1274 rege
328 1190 514 1257 Persarum:
551 1214 628 1275 opes
663 1197 697 1258 et
725 1215 744 1256 a
772 1193 949 1257 maioribus
985 1191 1123 1256 traditas

113 1275 255 1340 habebat
286 1281 319 1342 21
349 1279 418 1362 ipse
450 1282 549 1366 longa
582 1282 710 1364 imperii
742 1281 948 1364 possessione
985 1281 1124 1344 cumula-

114 1368 214 1429 verat.
257 1364 290 1430 Is
322 1368 392 1452 regi
424 1389 496 1432 cum
528 1370 632 1433 omnis
665 1369 791 1454 generis
823 1368 931 1452 donis,
962 1389 1028 1432 non
1059 1368 1124 1452 ipsi
1143 1380 1177 1427 24

114 1453 209 1518 modo
240 1474 300 1539 ea,
327 1455 382 1520 sed
416 1457 515 1521 ctiam
548 1458 660 1526 amicis
693 1459 759 1522 2122
793 1457 940 1540 daturus,
976 1457 1125 1522 occurrit.

113 1543 280 1626 Equorum
299 1543 412 1608 domiti
431 1565 545 1630 greges
564 1546 781 1629 sequebantur
798 1567 973 1629 currusque
989 1548 1124 1630 21321112

114 1635 147 1695 21
166 1652 243 1695 2212
263 1631 424 1715 adornati,
447 1633 591 1714 pretiosa
609 1634 754 1717 supellex
772 1639 806 1698 et
821 1634 949 1719 nobiles
968 1655 1124 1719 3211111122,

114 1741 211 1782 22122
229 1719 340 1803 magni
361 1720 511 1802 ponderis
533 1742 613 1784 1222
635 1726 805 1804 vestesque
828 1742 1008 1805 purpureae
1028 1726 1060 1784 21
1083 1721 1125 1784 21-

113 1809 203 1893 311211
229 1809 358 1890 argenti
380 1810 539 1872 talentum
557 1826 596 1872 111
614 1809 715 1873 milia.
752 1806 904 1872 Oeterum
924 1812 1018 1873 tanta
1036 1809 1124 1873 beni·
1143 1818 1177 1867 22

114 1898 221 1979 321122
249 1897 388 1962 barbaro
417 1918 515 1961 causa
542 1897 656 1961 mortis
684 1897 756 1960 fuit.
801 1896 888 1961 Nam
915 1916 987 1960 cum
1014 1918 1124 1961 omnes

115 1986 234 2049 amicos
248 1986 334 2070 regis
349 1985 441 2050 donis
456 2006 553 2068 super
565 1985 709 2068 ipsorum
723 1986 800 2049 vota
813 1984 976 2068 coluisset,
994 1984 1124 2069 Bagoae

115 2073 259 2155 spadoni,
282 2075 337 2157 qui
356 2073 576 2138 Alexandrum
599 2072 753 2156 obsequio
775 2073 918 2156 corporis
938 2072 1126 2137 devinxerat

115 2161 186 2243 sibi,
202 2159 336 2239 nullum
357 2162 512 2226 honorem
535 2160 663 2226 habuit:
689 2159 936 2245 admonitusque
956 2183 976 2224 a
994 2161 1124 2245 quibus·
1144 2172 1177 2220 22

115 2248 198 2331 dam,
216 2269 372 2331 perquam
391 2248 576 2313 Alexandro
596 2248 685 2312 cordi
704 2270 784 2332 esse,
801 2249 977 2332 respondit,
1002 2250 1123 2314 amicos

113 2337 214 2420 regis,
248 2356 314 2400 non
346 2340 453 2400 scorta
484 2358 518 2401 22
551 2335 653 2400 221212
685 2358 744 2400 222
776 2338 875 2402 212112
908 2359 978 2417 2222
1007 2335 1124 2421 Ρ21212,

114 2447 219 2490 mares
247 2424 370 2506 ducere,
399 2426 453 2508 qui
481 2429 593 2508 stupro
618 2423 885 2490 effeminarentur.
921 2423 982 2488 His
1004 2425 1124 2490 auditis
1142 2437 1175 2486 27

113 2515 213 2597 spado
232 2513 413 2598 potentiam
430 2512 556 2595 flagitio
572 2511 771 2577 2112122212
786 2515 965 2597 quaesitam
978 2512 1014 2577 in
1027 2517 1125 2597 caput

112 2602 308 2666 nobilissimi
332 2605 366 2664 et
387 2600 525 2664 insontis
549 2601 698 2664 exercuit.
741 2599 888 2685 Namque
912 2603 1018 2685 gentis
1042 2603 1124 2666 eius·

113 2690 187 2753 dem
219 2689 400 2753 levissimos
432 2687 525 2752 falsis
560 2688 745 2753 criminibus
779 2688 941 2755 adstruxit
972 2689 1124 2773 monitae,

113 2781 185 2841 tum
213 2776 342 2841 demum
365 2797 404 2840 ea
431 2774 567 2859 deferre,
594 2797 666 2841 cum
693 2778 762 2860 ipse
789 2777 944 2844 iussisset.
989 2777 1124 2841 Interim
1143 2787 1176 2836 22

114 2866 263 2951 quotiens
288 2864 357 2928 sine
381 2864 512 2929 arbitris
535 2868 613 2949 erat,
636 2865 780 2950 credulas
802 2868 888 2952 12312
912 2888 1005 2931 22122
1025 2866 1124 2949 inple·

113 2954 171 3018 bat
190 2953 397 3018 dissimulans
422 2974 552 3017 causam
574 2954 655 3038 irae,
678 2976 741 3038 quo
765 2957 896 3040 gravior
919 2955 1124 3021 criminantis

114 3043 290 3107 auctoritas
314 3048 407 3107 esset.
445 3040 595 3106 Nondum
615 3046 784 3125 suspectus
803 3040 873 3109 2121
891 3043 1036 3125 Orsines,
1058 3044 1176 3106 ismae

114 3137 223 3196 tamen
240 3130 346 3196 vilior.
382 3129 469 3196 Reus
489 3132 574 3194 enim
597 3130 630 3194 in
654 3135 777 3196 secreto
797 3134 969 3216 agebatur,
990 3130 1124 3196 latentis

113 3220 247 3301 periculi
280 3221 427 3306 ignarus,
460 3223 493 3283 et
519 3219 823 3303 inportunissimum
852 3222 995 3284 scortum
1022 3240 1062 3283 ne
1090 3219 1125 3283 in

115 3310 226 3390 stupro
253 3310 381 3392 quidem
405 3311 439 3373 et
462 3306 625 3372 dedecoris
647 3308 808 3390 patientia
831 3303 953 3372 fraudis
978 3308 1125 3391 oblitum,

115 3395 263 3477 quotiens
282 3418 424 3461 amorem
441 3396 529 3480 12312
547 3397 581 3460 12
601 3418 635 3461 22
656 3396 853 3476 accenderat,
871 3394 1011 3462 Orsinen
1030 3396 1124 3461 modo

83 3484 282 3567 5212111122,
310 3485 471 3549 interdum
499 3484 598 3548 etiam
626 3483 815 3548 defectionis
843 3487 1009 3572 arguebat
1054 3484 1177 3548 lamro

104 3575 241 3638 ,matura
278 3573 435 3643 arentin
466 3573 640 3656 perniciem
676 3572 856 3638 innocentis
893 3573 1066 3639 mendacia
1093 3576 1132 3631 et

928 3673 985 3726 m*
