2422 3892
227 214 232 222 .
263 145 516 202 mercensem
533 118 895 218 11111111111111,11.Ι
1038 148 1081 213 25
1129 197 1132 202 .

70 292 570 377 1111111111111111111111,
600 291 770 357 Persarum
798 314 924 377 quoque
950 293 1081 358 nobilis·

69 382 161 445 simis
193 380 329 445 eundem
357 379 515 445 honorem
543 381 656 446 haberi
682 382 772 446 iubet
797 382 958 466 matrique
984 381 1101 446 Darei·

69 470 237 552 permittit,
260 490 340 553 quos
353 470 458 548 vellet,
480 469 586 552 patrio
599 491 687 534 more
702 471 860 553 sepeliret.
886 470 949 535 Illa
962 491 1081 553 pancos
1102 491 1135 541 14

57 561 143 621 ‘arta
175 557 414 641 propinquitate
447 558 635 622 coniunctos
666 580 725 640 pro
757 557 871 622 habitu
901 559 1081 641 praesentis
1159 635 1162 639 Ι

70 646 219 710 fortunae
237 645 363 709 humari
376 645 479 728 iussit,
502 648 693 728 apparatum
706 645 865 729 funerum,
888 668 951 730 quo
965 645 1082 710 Persae

17 739 22 748 '
71 755 220 816 suprema
242 734 348 798 officia
366 734 574 818 celebrarent,
595 734 789 799 invidiosum
802 734 872 799 fore
886 735 1082 812 existimans,

70 843 143 886 cnm
166 822 304 887 victores
326 821 413 886 hand
432 823 572 904 pretiose
591 826 816 886 cremarentur.
842 822 974 907 Iamque
988 823 1081 886 iustis
1102 843 1135 893 15

70 910 300 974 defunctorum
317 911 505 993 corporibus
529 911 643 974 solutis
665 911 845 993 praemittit
867 911 908 975 ad
930 911 1109 994 captivas·

12 1024 20 1044 ·
70 999 125 1082 qui
148 999 344 1080 nuntiarent,
365 999 473 1081 ipsum
495 999 612 1081 venire,
634 999 835 1082 inhibitaque
858 999 1082 1064 comitantium

68 1088 166 1167 turba
183 1087 428 1150 tabernaculum
447 1107 520 1150 cum
532 1085 774 1170 Hephaestione
790 1087 900 1151 intrat.
935 1086 968 1151 Is
984 1088 1082 1172 longe
1102 1110 1135 1157 11

71 1174 216 1239 omnium
239 1174 414 1238 amicorum
436 1175 618 1238 carissimus
642 1177 712 1237 erat
733 1175 818 1258 regi,
841 1195 914 1238 cum
936 1175 1007 1258 ipso
1026 1196 1082 1258 pa·

70 1262 150 1325 riter
181 1261 327 1343 eductuS,
358 1264 553 1325 secretorum
584 1263 727 1325 omnium
758 1263 890 1326 arbiter:
925 1263 1083 1326 libertatis

71 1372 197 1434 quoque
228 1350 264 1413 in
293 1348 493 1413 admonendo
521 1369 559 1412 eo
585 1370 653 1413 non
680 1349 762 1413 alius
789 1351 889 1431 magis
905 1350 963 1414 'ius
987 1349 1083 1413 habe·

70 1438 140 1521 bat,
164 1437 250 1523 quod
273 1441 383 1502 tamen
404 1437 451 1500 ita
473 1437 664 1520 usurpabat,
685 1440 723 1501 nt
744 1438 849 1521 magis
872 1459 892 1500 a
914 1457 990 1522 rege
1012 1459 1083 1520 per·
1110 1491 1114 1498 .

71 1527 217 1609 missum,
247 1548 344 1610 quam
374 1524 572 1590 vindicatum
604 1525 644 1588 ab
672 1546 710 1589 eo
738 1524 898 1590 videretur
902 1549 909 1588 :
941 1530 973 1589 et
1001 1525 1084 1590 sicut

72 1618 176 1678 aetate
203 1636 262 1714 par
291 1618 361 1677 erat
387 1613 482 1698 regi,
500 1613 547 1676 ita
574 1613 717 1695 corporis
744 1612 836 1677 habit
822 1616 858 1677 tu
887 1614 1082 1697 praestabat

71 1703 160 1787 Ergo
189 1703 320 1785 reginae
346 1702 437 1793 illum
460 1722 529 1765 esse
552 1721 660 1785 regem
683 1703 772 1765 ratae
796 1723 1135 1771 111111111111-11

72 1794 161 1855 ratae
185 1793 269 1853 sunt.
300 1782 432 1852 Inde
403 1811 442 1853 ex
464 1789 599 1871 captivis
622 1789 829 1871 spadonibus,
852 1790 923 1872 quis
944 1788 1082 1853 Alexan·
1128 1845 1130 1848 .

58 1877 130 1942 der
143 1881 236 1961 esset,
250 1877 505 1941 monstrantibus
517 1875 716 1960 Sisigambis
721 1877 935 1941 advolutat
886 1898 920 1940 es
921 1876 1085 1958 tpedibus'
1127 1941 1132 1951 ,

72 1967 154 2050 1111,
185 1928 420 2050 igriorationem
449 1986 625 2057 numquam
658 1968 755 2029 antea
785 1965 846 2029 visi
877 1965 963 2049 regis
990 1985 1083 2028 excu-

72 2076 157 2119 sans.
190 2053 295 2131 Quam
317 2075 416 2117 mann
440 2049 590 2117 adlevans
614 2074 678 2136 rex,
702 2052 789 2117 Non
812 2052 938 2117 errasti'
939 2053 1083 2137 ,inquit

18 2139 61 2203 32
73 2143 195 2223 mater,
217 2145 351 2206 namet
336 2133 425 2206 thie
438 2140 620 2205 Alexander
642 2139 712 2206 est'.
747 2140 906 2225 Equidem
927 2102 990 2206 lico
1007 2162 1082 2205 con·
1103 2163 1135 2211 18

69 2227 210 2295 tinentia
231 2230 332 2294 animi
354 2231 382 2294 si
405 2229 446 2293 ad
468 2230 684 2294 ultimumt
637 2231 684 2293 111
685 2252 722 2294 ae
739 2251 941 2314 perseverare
959 2229 1082 2313 potuis·

71 2322 134 2402 set,
165 2307 340 2384 feliciorem
367 2318 466 2383 fuisse
493 2317 666 2401 crederem,
698 2340 794 2402 quam
821 2318 909 2383 visus
932 2321 981 2381 est
1004 2338 1082 2399 esse,
1161 2353 1164 2360 -

71 2429 144 2471 cum
175 2406 283 2472 Liberi
314 2407 417 2491 patris
447 2407 627 2470 imitaretur
657 2406 871 2506 triumphum,
907 2426 1008 2487 usque
1041 2404 1081 2468 ab

70 2495 283 2579 Hellesponto
307 2495 348 2559 ad
363 2494 525 2560 Oceanum
549 2514 660 2558 omnes
683 2498 797 2576 gentes
819 2492 955 2556 victoria
976 2512 1082 2554 emen-

71 2604 135 2649 sus.
172 2583 224 2649 Sic
245 2584 377 2648 vicisset
398 2582 543 2682 profecto
562 2581 745 2663 superbiam
764 2580 891 2662 atque
882 2600 975 2678 nam,
997 2579 1104 2642 mala
1102 2601 1135 2649 la

70 2672 205 2736 invicta:
229 2672 275 2736 111
298 2670 530 2735 abstinuisset
521 2691 555 2732 m
556 2672 606 2731 ter
618 2669 729 2751 epulas
743 2668 893 2733 caedibus
907 2666 1083 2730 amicorum

56 2759 283 2843 egregiosque
301 2759 386 2823 bello
404 2760 491 2823 riros
508 2760 542 2820 et
557 2759 609 2820 tot
627 2755 773 2839 gentium
788 2776 896 2820 secum
910 2755 1082 2820 domitores

70 2847 194 2912 indicta
217 2867 316 2910 causa
336 2847 456 2910 veritus
479 2847 564 2913 11111
586 2842 738 2908 occidere.
774 2841 836 2908 Sed
855 2843 1001 2909 nondum
1018 2843 1082 2908 for
1101 2866 1135 2914 ao

70 2940 152 3000 tuna
189 2956 222 2998 se
260 2935 368 2998 animo
404 2934 471 2997 eius
503 2931 740 3016 superfuderat:
784 2933 893 3034 itaque
925 2933 1111 2997 orientem.

70 3028 140 3088 tam
167 3023 331 3088 moderate
359 3025 391 3085 et
413 3021 587 3105 prudenter
608 3021 695 3104 tulit,
723 3021 763 3086 ad
786 3022 845 3085 ult
821 3025 936 3086 t1mum
959 3020 1105 3104 magni-

20 3164 28 3182 .
71 3112 217 3176 tudinem
244 3112 312 3176 eius
338 3132 405 3175 non
433 3110 525 3193 cepit.
570 3109 660 3174 Tune
688 3110 815 3193 quidem
842 3111 890 3174 ita
916 3130 950 3173 se
973 3108 1082 3192 gessit,
1101 3129 1134 3177 21

71 3203 109 3264 ut
136 3220 247 3265 omnes
275 3202 350 3264 ante
373 3221 447 3264 eum
467 3219 559 3283 reges
583 3201 616 3263 et
638 3199 837 3264 continentia
858 3201 891 3262 et
913 3196 1084 3261 clementia

71 3289 283 3353 vincerentur.
327 3287 478 3373 Virgines
505 3287 635 3388 reginas
662 3286 846 3351 excellentis
868 3285 991 3350 formae
1013 3287 1082 3348 tam

73 3380 182 3441 sancte
209 3376 337 3461 habuit,
370 3397 467 3460 quam
494 3376 521 3438 si
548 3374 661 3439 eodem
688 3395 751 3458 quo
779 3375 848 3457 ipse
871 3374 1004 3456 parente
1028 3392 1081 3455 ge·

71 3465 160 3529 nitae
191 3464 311 3530 forent:
343 3464 514 3548 coniugem
540 3463 695 3544 eiusdem,
721 3483 818 3545 quam
849 3461 942 3549 nulla
966 3460 1090 3521 aetatis
1103 3480 1148 3521 aa

40 3599 45 3606 -
72 3555 150 3617 suae
174 3552 411 3636 pulchritudine
440 3551 586 3636 corporis
611 3549 710 3637 11111,
735 3548 848 3616 abeo
840 3542 920 3630 ipse
942 3563 1024 3605 non
1040 3557 1115 3598 111·
1187 3613 1191 3620 ¹
