2422 3892
245 143 247 147 ’
284 154 551 211 HISTORIARUM
570 155 783 210 ALEXANDRI
801 153 849 224 VI,
867 160 892 208 9.
1037 155 1098 218 137

94 301 186 366 vobis
210 303 337 383 ereptus
361 321 445 365 sum:
478 300 572 363 deum
594 299 796 383 providentia
824 301 857 363 et
882 299 1102 363 misericordia

92 389 175 453 vivo.
221 385 483 473 Conspectusque
506 389 606 452 vestri
628 387 821 453 venerabilis
845 388 965 471 coegit,
988 390 1024 451 ut
1048 408 1102 451 ve-

94 476 276 541 hementius
308 475 475 560 parricidis
508 476 676 560 irascerer,
713 476 864 559 quoniam
901 476 1101 559 praecipuus,

94 565 192 629 immo
211 586 293 629 unus
312 565 397 629 vitae
416 586 506 628 meae
524 563 648 629 fructus
667 568 731 648 est,
748 567 800 629 tot
817 564 1003 629 fortissimis
1022 563 1101 628 viris

10 661 12 665 ’
94 657 127 716 et
146 652 184 717 de
202 674 254 717 me
272 653 393 736 optime
411 653 536 718 meritis
560 652 679 717 referre
698 652 801 717 adhuc
824 653 964 736 gratiam
985 649 1102 734 posse'.

93 741 271 824 Interrupit
289 741 471 806 orationem
489 741 630 805 militum
649 741 790 824 gemitus
809 742 1006 824 obortaeque
1026 743 1102 805 sunt
1120 756 1135 804 3

93 829 241 894 omnibus
255 829 417 895 lacrimae.
454 828 537 893 Tum
550 851 615 911 rex,
630 827 792 912 ‘Quanto',
805 829 920 913 inquit,
935 828 1102 894 ‘maiorem

92 917 126 981 in
151 916 268 982 animis
291 918 408 983 vestris
430 922 556 982 matum
579 916 739 996 excitabo,
770 937 841 982 oum
864 918 948 982 tanti
971 917 1102 982 sceleris

93 1010 240 1071 auctores
255 1004 437 1070 ostendero!
453 1027 588 1089 quorum
603 1005 798 1069 mentionem
811 1005 915 1070 adhuc
927 1004 1101 1070 reformido

93 1098 140 1176 et,
166 1096 332 1175 tamquam
360 1093 442 1157 salvi
469 1113 538 1158 esse
564 1093 704 1176 possint,
731 1093 916 1158 nominibus
944 1094 1102 1158 abstineo.

93 1177 156 1244 Sed
177 1179 334 1244 vincenda
353 1183 403 1244 est
424 1181 581 1245 memoria
598 1180 755 1264 pristinae
774 1181 920 1246 caritatis
944 1185 977 1245 et
995 1182 1102 1245 coniu-
1121 1197 1138 1244 4

93 1268 178 1332 ratio
198 1268 360 1351 inpiorum
374 1268 492 1333 civium
511 1268 696 1353 detegenda.
730 1268 898 1344 Quomodo
913 1272 1020 1334 autem
1035 1272 1104 1332 tan·

93 1359 163 1421 tum
180 1357 272 1420 nefas
292 1355 427 1421 sileam?
456 1355 641 1440 Parmenio,
659 1357 717 1421 illa
735 1360 856 1440 aetate,
873 1359 925 1421 tot
940 1357 1035 1439 meis,
1054 1358 1104 1420 tot

92 1445 236 1529 parentis
259 1445 323 1509 mei
346 1445 470 1510 meritis
493 1445 678 1530 devinctus,
702 1446 846 1509 omnium
867 1444 962 1509 nobis
986 1444 1102 1509 amico·

92 1555 164 1596 rum
190 1533 444 1616 vetustissimus,
475 1532 588 1599 ducem
617 1555 651 1599 se
683 1533 798 1599 sceleri
825 1537 917 1598 tanto
944 1532 1103 1616 praebuit.

92 1620 243 1685 Minister
275 1621 344 1685 eius
371 1620 519 1686 Philotas
546 1620 741 1686 Peucolaum
775 1624 808 1685 et
834 1620 1037 1686 Demetrium
1070 1622 1138 1685 eto

93 1709 179 1771 hunc
209 1708 388 1790 Dymnum,
426 1709 515 1772 cuius
549 1730 663 1791 corpus
700 1708 883 1791 adspicitis‚
917 1712 1103 1791 ceterosque

40 1804 83 1868 33
95 1795 236 1859 eiusdem
255 1796 416 1859 amentiae
438 1795 473 1858 in
491 1799 588 1879 caput
610 1817 718 1859 meum
737 1795 947 1861 subornavit’.
982 1795 1102 1859 Fremi-
1123 1813 1138 1861 a

94 1887 148 1947 tus
165 1883 305 1966 undique
323 1882 560 1967 indignantium
579 1883 845 1966 querentiumque
864 1887 936 1948 tota
955 1884 1103 1948 contione

95 1971 317 2054 obstrepebat,
340 1970 446 2055 qualis
470 1972 554 2036 solet
576 1992 645 2036 esse
667 1971 887 2036 multitudinis
911 1975 944 2036 et
966 1971 1103 2036 maxime

94 2058 260 2142 militaris,
285 2060 341 2123 ubi
365 2064 422 2124 aut
444 2059 551 2123 studio
575 2060 683 2143 agitur
706 2064 763 2124 aut
785 2060 843 2126 ira.
885 2058 1103 2125 Nicomachus
1123 2077 1138 2124 a

95 2146 210 2211 deinde
231 2151 265 2212 et
282 2146 410 2212 Metron
429 2151 462 2211 et
480 2146 653 2212 Cebalinus
676 2148 839 2232 producti,
863 2170 944 2232 quae
968 2149 1103 2233 quisque

95 2235 268 2317 detulerat,
295 2239 467 2319 exponunt.
517 2234 646 2300 Nullius
675 2257 786 2301 eorum
812 2236 932 2302 indicio
955 2233 1103 2300 Philotas

94 2322 178 2387 inter
200 2323 374 2407 participes
398 2324 528 2388 sceleris
551 2324 783 2389 destinabatur.
818 2323 933 2409 Itaque
956 2325 1104 2408 indigna-

93 2411 183 2476 tione
215 2432 366 2495 cxpressa
398 2433 461 2476 vox
492 2411 621 2476 silentio
653 2415 786 2494 excepta
818 2414 876 2475 est.
925 2410 1008 2474 Tum
1038 2429 1139 2493 rex,8

95 2497 243 2583 ‘Qualis',
265 2500 384 2583 inquit,
412 2498 502 2584 ‘ergo
527 2499 627 2563 animi
649 2498 743 2563 vobis
766 2497 906 2581 videtur,
930 2497 986 2579 qui
1008 2497 1103 2561 huius

94 2588 141 2650 rei
165 2587 306 2651 delatum
324 2587 479 2652 indicium
498 2587 538 2650 ad
556 2587 664 2669 ipsum
682 2585 887 2668 suppressit?
924 2583 1017 2659 Quod
1039 2604 1104 2648 non
1123 2602 1139 2650 a

94 2674 195 2737 fuisse
219 2694 338 2738 vanum
360 2671 481 2755 Dymni
505 2669 608 2738 exitus
632 2671 783 2735 declarat.
824 2669 1008 2737 Incertam
1035 2693 1104 2736 rem

95 2760 241 2824 deferens
268 2764 433 2825 tormenta
459 2781 526 2824 non
552 2760 666 2823 timuit
693 2756 878 2842 Cebalinus,
909 2759 1033 2824 Metron
1063 2782 1104 2825 ne

95 2850 294 2913 momentum
317 2847 446 2930 quidem
468 2848 624 2930 temporis
648 2846 776 2912 distulit
799 2869 971 2913 exonerare
994 2869 1043 2932 se,
1068 2853 1105 2912 ut

95 2959 147 3020 co,
184 2936 240 3000 ubi
276 2935 425 3018 lavabar,
461 2935 676 3019 inrumperet:
712 2934 861 3001 Philotas
898 2936 986 3001 solus
1023 2936 1104 3000 nihil

94 3025 217 3107 timuit,
248 3023 331 3089 nihil
360 3023 503 3088 credidit.
552 3022 579 3088 Ο
607 3024 719 3108 magni
752 3024 853 3104 animi
881 3025 1000 3092 virum!
1036 3023 1103 3089 Iste
1124 3043 1155 3090 10

94 3114 182 3198 regis
214 3112 357 3197 periculo
396 3115 667 3196 commoveretur,
703 3113 829 3177 vultum
866 3115 1019 3194 mutaret,
1056 3113 1104 3175 in-

94 3201 197 3265 dicem
228 3205 339 3265 tentae
366 3201 413 3265 rei
445 3200 603 3265 sollicitus
632 3199 768 3266 audiret!
806 3198 925 3265 Subest
950 3199 1104 3264 nimirum
1124 3219 1153 3268 11

96 3289 225 3360 silentio
249 3288 373 3353 facinus
397 3291 434 3372 et
457 3288 551 3353 avida
583 3310 656 3371 spes
684 3289 776 3372 regni
803 3289 1012 3371 praecipitem
1036 3289 1104 3353 ani·

95 3398 181 3440 mum
202 3377 242 3440 ad
266 3376 416 3440 ultimum
434 3376 525 3441 nefas
544 3376 671 3459 inpulit.
702 3376 800 3440 Pater
818 3374 944 3441 Mediae
962 3379 1103 3460 praeest:

95 3464 164 3547 ipse
197 3464 280 3548 apud
317 3463 437 3530 multos
470 3464 636 3549 copiarum
668 3464 762 3529 duces
797 3464 877 3528 meis
910 3467 1103 3547 praepotens

94 3551 216 3618 viribus
244 3553 382 3637 maiora,
412 3575 509 3642 quam
537 3553 636 3636 capit,
663 3552 775 3636 spirat.
821 3551 952 3617 Orbitas
979 3571 1103 3636 quoque
1124 3570 1156 3618 12
