2422 3892
307 154 560 209 HISTORIARIIM
578 153 792 208 ALEXANDRI
810 153 884 217 VIII,
903 161 928 210 2.
1054 159 1114 222 191

110 302 233 367 fluebat
264 303 390 364 torrens
424 298 540 382 amnis,
571 302 664 383 terga
695 302 788 381 petra
819 298 1003 364 claudebat:
1035 301 1118 366 hanc

111 411 210 453 manu
233 387 378 471 perviam
401 386 525 451 incolae
547 385 700 450 fecerant.
745 384 807 451 Sed
828 386 918 452 aditu
936 409 1049 472 specus
1069 412 1118 454 ac·
1136 403 1170 452 21

111 478 192 560 cipit
215 477 333 540 lucem:
356 474 511 539 interiora
532 474 596 538 nisi
618 474 722 539 inlato
740 474 860 538 lumine
879 476 1016 540 obscura
1034 481 1118 542 sunt.

111 564 289 648 Perpetuus
321 562 484 627 cuniculus
510 562 573 625 iter
600 563 734 645 praebet
760 564 795 626 in
818 584 948 646 campos
970 564 1119 648 ignotum

111 652 176 716 nisi
208 651 378 736 indigenis.
426 652 473 716 At
499 649 697 734 Alexander,
729 671 924 734 quamquam
952 653 1118 736 angustiae
1137 665 1173 715 aa

112 739 254 806 naturali
291 739 356 804 situ
387 739 527 803 munitae
558 737 666 802 valida
698 759 796 802 manu
827 739 958 804 barbari
986 741 1119 805 tueban-

112 833 182 910 tur,
209 833 320 892 tamen
343 826 498 891 arietibus
518 825 656 890 admotis
680 826 895 911 munimenta,
918 849 999 912 quac
1022 851 1120 894 manu

112 915 263 981 adiuncta
287 918 393 997 erant,
416 914 578 979 concussit
600 913 771 997 fundisque
795 918 828 979 et
849 915 980 998 sagittis
1002 939 1120 1001 propu-

112 1003 286 1088 gnantium
309 1003 480 1085 plerosque
503 1001 632 1066 deiecit:
664 1023 743 1085 quos
766 1002 823 1065 ubi
846 1002 1007 1087 dispersos
1030 1005 1121 1089 fuga-

111 1092 173 1174 vit,
191 1092 302 1153 ruinas
323 1089 597 1153 munimentorum
616 1110 842 1174 supergressus
861 1090 901 1153 ad
919 1094 1044 1172 petram
1068 1093 1121 1156 ad·

114 1178 216 1242 movit
240 1176 424 1240 exercitum.
467 1173 619 1240 Oeterum
640 1177 874 1241 interveniebat
896 1177 1027 1261 fluvius,
1052 1201 1120 1244 coe
1139 1192 1173 1239 aa

114 1265 248 1332 ontibus
272 1264 364 1346 aquis
388 1285 427 1355 ex
450 1265 613 1347 superiore
635 1264 769 1348 fastigio
793 1265 827 1328 in
849 1264 976 1349 vallem,
999 1267 1122 1349 magni-

114 1374 176 1437 que
204 1351 310 1435 operis
338 1351 506 1417 videbatur
534 1355 603 1417 tam
625 1356 753 1417 vastam
776 1353 963 1437 voraginem
986 1354 1123 1436 explere.

113 1439 213 1506 Caedi
239 1443 349 1504 tamen
372 1440 504 1504 arbores
532 1443 566 1504 et
592 1461 670 1504 saxa
698 1440 828 1524 congeri
854 1441 963 1505 iussit:
992 1440 1120 1524 ingens·
1140 1454 1174 1503 24

114 1551 174 1613 que
198 1529 356 1593 barbaros
379 1549 493 1611 pavor,
516 1528 611 1592 rudes
631 1529 671 1593 ad
688 1528 769 1593 talia
787 1549 894 1611 opera,
917 1529 1122 1594 concusserat

82 1616 286 1684 9excitatam
309 1617 427 1679 molem
450 1616 558 1680 subito
582 1620 756 1681 cernentes.
797 1614 911 1700 ltaque
933 1637 990 1680 rex
1011 1617 1052 1681 ad
1070 1617 1121 1680 de·
1140 1629 1175 1678 ab

114 1704 270 1767 ditionem
294 1707 384 1766 metu
406 1723 507 1785 posse¹
524 1704 663 1785 conpelli
685 1707 775 1767 ratus
795 1701 939 1767 Oxarten
959 1703 1049 1767 misit
1066 1725 1123 1768 na·

113 1791 212 1855 tionis
240 1789 396 1872 eiusdem,
424 1788 479 1853 sed
506 1789 642 1854 dicionis
669 1811 759 1873 suae,
786 1791 841 1872 qui
869 1790 1018 1854 suaderet
1041 1790 1122 1874 duci,

113 1882 151 1942 ut
168 1876 311 1941 traderet
328 1880 464 1960 petram.
498 1874 636 1941 Interim
659 1876 699 1940 ad
718 1876 897 1960 aagendam
914 1877 1121 1942 formidinem
1141 1894 1175 1942 ae

115 1970 147 2030 et
165 1968 270 2029 turres
295 1964 548 2029 admovebantur
571 1969 605 2028 et
628 1986 761 2029 excussa
782 1965 950 2030 tormentis
974 1966 1041 2029 tela
1063 1967 1121 2029 mi·

115 2054 240 2117 cabant
289 2052 403 2136 Itaque
430 2053 584 2118 verticem
613 2056 724 2136 petrae
751 2053 839 2118 omni
867 2053 931 2117 alio
959 2053 1121 2135 praesidio

115 2142 267 2205 damnato
286 2142 478 2226 petiverunt.
514 2140 560 2204 At
574 2140 710 2205 Oxartes
729 2140 892 2225 trepidum
910 2141 1121 2206 diffidentem·
1141 2157 1174 2205 2⁷

116 2250 177 2313 que
204 2229 299 2293 rebus
328 2229 394 2293 suis
422 2227 638 2294 Sisimithrern
666 2229 772 2312 coepit
798 2228 937 2312 hortari,
964 2232 1001 2293 ut
1027 2229 1123 2293 fidem

115 2338 212 2401 quam
235 2317 301 2381 vim
322 2314 533 2381 Macedonum
556 2317 671 2381 mallet
693 2317 831 2399 experiri
858 2339 921 2380 neu
943 2319 1124 2380 moraretur

114 2405 355 2470 festinationem
386 2404 518 2469 victoris
547 2405 705 2468 exercitus
733 2405 767 2466 in
793 2402 921 2466 Indiam
948 2403 1122 2466 tendentis:

115 2494 167 2559 cui
199 2493 344 2577 quisquis
374 2496 476 2557 semet
504 2493 647 2574 offerret,
676 2492 712 2555 in
738 2512 831 2555 suum
860 2492 957 2572 caput
984 2490 1123 2553 alienam

116 2581 239 2644 cladem
267 2602 337 2645 esse
365 2601 541 2644 versurum.
588 2577 634 2643 Et
663 2578 735 2662 ipse
766 2577 895 2661 quidem
921 2574 1123 2648 Sisimithres
1142 2593 1177 2642 28

116 2667 312 2731 deditionem
336 2667 511 2730 adnuebat:
534 2668 675 2730 ceterum
696 2669 800 2728 mater
819 2664 991 2747 eademque
1010 2665 1125 2728 coniux

117 2753 309 2818 morituram
333 2774 368 2816 se
386 2757 461 2817 ante
479 2753 680 2831 denuntians,
704 2774 801 2836 quam
824 2752 858 2815 in
881 2752 977 2816 ullius
1000 2753 1126 2816 reniret

116 2844 326 2925 potestatem,
346 2839 483 2924 barbari
511 2841 654 2904 animum
682 2841 722 2904 ad
747 2839 935 2904 honestiora
957 2862 1053 2924 quam
1076 2843 1125 2903 tu·

116 2931 202 2994 tiora
220 2931 422 2993 converterat
439 2927 642 3012 pudebatque
659 2929 822 2992 IibertatIs
836 2928 939 2992 maius
955 2949 1025 2993 esse
1039 2926 1125 3011 apud

115 3019 252 3082 feminas
285 3038 381 3100 quam
413 3016 498 3100 apud
528 3017 615 3081 viror
648 3017 797 3099 pretium.
851 3015 964 3099 Itaque
991 3016 1124 3079 dimisso
1144 3036 1178 3084 aa

116 3106 315 3172 internuntio
330 3105 420 3190 pacis
435 3105 635 3169 obsidionem
649 3104 732 3169 ferre
751 3104 944 3168 decreverat.
974 3101 1038 3168 Sed
1052 3124 1125 3166 cum

116 3194 220 3258 hostis
240 3195 322 3258 vires
343 3214 482 3278 suasque
499 3197 659 3276 pensaret,
677 3214 788 3256 rursus
807 3190 975 3255 muliebris
990 3191 1125 3272 consilii,

118 3281 203 3366 quod
220 3303 375 3364 praeceps
399 3281 504 3366 magis
524 3302 620 3365 quam
638 3280 855 3345 necessarium
873 3300 944 3342 esee
965 3278 1126 3361 credebat,

116 3368 282 3454 paenitere
315 3391 388 3434 eum
420 3370 537 3452 coepit.
586 3368 813 3452 Revocatoque
845 3370 975 3431 strenue
1007 3365 1126 3430 Oxarte
1145 3386 1180 3434 30

116 3457 261 3521 futurum
289 3479 323 3521 se
346 3457 381 3520 in
403 3458 489 3541 regis
512 3460 708 3541 potestatem
730 3455 920 3540 respondit,
938 3474 1051 3516 unum
1065 3470 1145 3526 pns-

116 3550 219 3629 catus,
244 3565 287 3608 ne
316 3543 521 3612 voluntatem
549 3551 584 3614 et
613 3545 795 3614 consilium
821 3541 948 3608 matris
970 3553 1060 3598 snae
1086 3543 1171 3603 W·
