2422 3892
244 145 498 228 HISTORIARUM
515 147 732 218 ALEXANDRI
750 149 803 220 111,
823 154 848 203 7.
867 155 891 204 8.
1039 151 1080 216 15

65 289 154 354 visus
177 300 228 354 est
250 292 468 374 suppressisse
492 294 525 356 et
542 293 578 356 in
595 293 723 378 agmine
738 314 759 357 a
772 291 979 358 Cretensibus
992 294 1080 381 haud

65 377 162 442 dubie
185 378 276 443 iussu
298 379 385 465 regis
410 381 542 446 occisus.

481 537 559 604 Car.
582 539 672 606 VIII.

12 647 56 711 19
155 642 286 727 Iamque
310 642 426 709 Graeci
452 645 587 730 milites,
618 668 699 730 quos
722 645 908 729 Thymodes
936 669 956 711 a
977 646 1077 712 Phar·
1098 669 1111 717 1

64 730 189 796 nabazo
226 736 406 818 acceperat,
450 735 626 817 praecipue
666 757 740 818 spes
777 738 809 798 et
844 737 1078 820 propemodum

64 819 173 904 unica,
198 820 245 884 ad
272 820 414 885 Dareum
440 825 661 905 pervenerant.
709 821 755 886 Hi
781 844 977 908 magnopere
1004 845 1112 893 sua-a

64 906 197 987 debant,
232 913 270 972 ut
304 913 391 974 retro
429 910 534 975 abiret
567 911 790 995 spatiososque
822 911 1076 996 Mesopotamiae

64 1016 197 1079 campos
225 1001 399 1084 repeteret:
438 998 465 1061 si
491 998 525 1061 id
548 999 719 1063 consilium
742 997 923 1087 damnaret,
957 1005 992 1065 at
1022 1001 1076 1065 ille

64 1083 223 1149 divideret
249 1086 366 1149 saltem
393 1085 503 1167 copias
530 1086 781 1152 innumerabiles
808 1109 871 1152 neu
894 1089 953 1152 sub
977 1111 1076 1154 unum

63 1170 216 1236 fortunae
251 1172 352 1236 ictum
387 1177 474 1236 totas
510 1173 595 1238 vires
626 1174 718 1258 regni
755 1173 866 1239 eadere
902 1179 1076 1259 pateretur.

62 1258 174 1323 Minus
196 1259 260 1324 hcc
281 1260 351 1345 regi
373 1282 470 1344 quam
491 1262 678 1344 purpuratis
701 1262 770 1326 eius
793 1262 998 1347 displicebat:
1022 1284 1111 1333 ans

62 1347 195 1430 cipitem
217 1348 314 1413 fidem
334 1352 367 1412 et
389 1349 533 1413 mercede
552 1351 696 1414 venalem
715 1348 891 1434 proditioni
909 1351 1077 1418 imminere

63 1440 96 1499 et
124 1436 223 1500 dividi
250 1458 317 1502 non
345 1436 387 1501 ob
415 1437 501 1500 aliud
524 1437 634 1521 copias
657 1438 751 1523 velle,
779 1460 876 1522 quam
898 1444 936 1504 ut
957 1440 1020 1525 ipsi
1042 1442 1077 1505 in

63 1524 190 1589 diversa
217 1525 367 1611 digressi,
398 1525 426 1589 si
454 1525 530 1609 quid
556 1527 776 1591 commissum·
791 1532 889 1611 esset,
911 1530 1077 1593 traderent

63 1612 261 1679 Alexandro:
297 1613 379 1677 nihil
405 1615 508 1678 tutius
535 1613 618 1699 fore,
650 1637 748 1698 quam
775 1615 990 1682 circumdatos
1020 1638 1075 1682 eos

63 1702 207 1766 exercitu
228 1705 301 1765 toto
324 1701 417 1766 obrui
438 1702 522 1786 telis,
545 1702 772 1768 documentum
789 1724 857 1768 non
869 1705 992 1769 inultae
1004 1727 1075 1788 per·

62 1789 159 1852 fidiae
186 1788 323 1854 futuros.
367 1787 414 1852 At
434 1788 573 1875 Dareus,
604 1794 643 1856 ut
669 1795 740 1856 erat
762 1796 892 1856 sanctus
916 1814 954 1857 ac
976 1793 1111 1875 mitis,4

64 1897 99 1941 se
123 1898 199 1941 vero
221 1881 348 1941 tantum
370 1877 494 1942 facinus
516 1882 615 1962 negat
637 1900 708 1943 esse
730 1879 905 1964 facturum,
928 1883 965 1944 ut
985 1903 1076 1945 suam

63 1968 192 2030 secutos
223 1965 335 2050 fidem,
367 1987 443 2030 suos
475 1966 596 2032 milites
628 1967 738 2031 iubeat
764 1968 927 2033 trucidari.
973 1967 1109 2044 Quemc

62 2052 176 2117 deinde
213 2054 352 2138 amplius
387 2055 556 2119 nationum
592 2059 774 2120 exterarum
810 2057 947 2122 salutem
983 2080 1075 2122 suam

62 2142 259 2206 crediturum
295 2141 371 2225 sibi,
408 2143 436 2207 si
471 2145 522 2208 tot
557 2144 697 2207 militum
729 2145 887 2229 sanguine
918 2145 1076 2211 inbuisset

62 2230 201 2294 manus?
253 2229 426 2295 Neminem
466 2230 617 2296 stolidum
649 2232 817 2297 consilium
850 2234 956 2316 capite
972 2234 1110 2302 'lueres

62 2318 190 2383 debere:
213 2318 380 2384 defuturos
404 2320 502 2403 enim,
525 2320 580 2402 qui
604 2321 783 2404 suaderent,
806 2321 834 2385 si
857 2322 998 2386 suasisse
1020 2345 1074 2405 pe-

60 2406 236 2472 riculosum
265 2412 359 2472 esset.
404 2406 549 2491 Denique
572 2409 660 2491 ipsos
684 2408 802 2473 cotidie
825 2429 845 2471 a
868 2430 902 2472 se
925 2409 1075 2474 advocari

60 2495 97 2559 in
129 2496 298 2560 consilium
325 2497 495 2581 variasque
522 2496 698 2560 sententias
726 2497 845 2574 dicere,
876 2515 935 2560 nec
965 2500 1076 2560 tamen

60 2583 203 2648 melioris
226 2583 302 2647 fidei
323 2584 449 2667 haberi,
477 2584 533 2668 qui
554 2583 743 2667 prudentius
768 2583 915 2646 suaserit.
960 2582 1108 2668 Itaquer

60 2670 194 2735 Graecis
224 2673 374 2736 nuntiare
405 2673 508 2755 iubet,
543 2671 650 2754 ipsum
682 2671 809 2754 quidem
840 2669 1075 2737 benivolentiae

60 2759 193 2823 illorum
225 2759 347 2843 gratias
380 2780 489 2843 agere,
520 2763 675 2841 ceterum,
708 2759 735 2822 si
766 2761 851 2823 retro
878 2759 924 2824 ire
950 2764 1075 2847 pergat,

59 2846 150 2912 haud
173 2846 269 2911 dubie
291 2866 426 2932 regnum
448 2847 596 2920 hostibus
619 2845 822 2934 traditurum.
865 2845 967 2913 Fama
989 2849 1075 2914 bella

61 2939 149 3000 stare
172 2938 205 3000 et
228 2956 310 3018 eum,
334 2934 388 3018 qui
410 2934 547 3019 recedat,
569 2934 680 3019 fugere
699 2936 793 3000 credi.
822 2934 983 3002 Trahendi
997 2960 1073 3003 vero

59 3024 139 3088 belli
166 3024 219 3088 vix
245 3025 346 3088 ullam
368 3044 438 3087 esse
461 3023 629 3089 rationem.
674 3023 798 3089 Tantae
821 3025 907 3088 enim
930 3026 1109 3095 multitu-s
1188 3051 1191 3057 ·

62 3111 140 3196 dini,
162 3112 272 3196 utique
295 3134 367 3177 cum
389 3112 454 3176 iam
476 3111 580 3176 hiems
602 3112 747 3197 instaret,
770 3113 805 3177 in
827 3114 959 3199 regione
982 3117 1075 3178 vasta

61 3204 96 3264 et
121 3201 259 3265 invicem
287 3223 307 3264 e
333 3201 399 3265 suis
427 3204 522 3284 etque
548 3200 642 3265 hoste
670 3204 786 3265 vexata
811 3221 878 3265 non
901 3201 1074 3266 suffectura

62 3288 224 3352 alimenta.
260 3287 310 3352 Ne
333 3285 431 3352 dividi
449 3287 576 3373 quidem
595 3289 704 3371 copias
722 3308 819 3371 posse
839 3292 965 3352 servato
984 3309 1109 3357 mores

60 3376 230 3460 maiorum,
253 3377 308 3460 qui
329 3377 495 3441 universas
517 3377 602 3440 vires
621 3376 797 3440 discrimini
819 3376 977 3441 bellorum
992 3398 1074 3442 sem-

59 3465 347 3617 estrua
369 3463 1152 3632 ll2sutardesanes&

895 3601 905 3636 t
1048 3627 1052 3634 .
