2422 3892
284 149 541 207 HISTORIARUM
558 149 774 206 ALEXANDRI
792 150 838 221 VI,
858 157 882 206 t.
1028 152 1089 216 121

82 293 173 360 Sicut
195 295 231 360 in
254 295 444 378 corporibus
472 295 592 380 aegris,
619 295 755 380 milites,
780 295 864 360 nihil
892 296 978 380 quod
1003 297 1092 361 noci-

80 386 190 446 turum
213 386 264 448 est
285 383 402 448 medici
424 383 622 468 relinquunt,
645 383 691 448 sic
713 404 787 468 nos,
810 383 963 468 quidquid
982 383 1092 448 obstat

80 470 232 554 imperio,
259 470 447 536 recidamus.
491 470 598 535 Parva
620 491 716 554 saepe
739 471 883 537 scintilla
905 475 1092 555 contempta

81 578 235 640 magnum
254 559 406 625 excitavit
426 557 617 625 incendium.
656 558 715 624 Nil
732 562 804 625 tuto
822 560 858 624 in
874 558 969 625 hoste
988 560 1092 644 despi-

81 646 177 712 citur:
201 668 296 731 quem
319 647 494 730 spreveris,
516 645 730 712 valentiorem
753 648 960 733 neglegentia
982 648 1092 715 facias.

79 731 130 799 Ne
148 733 274 800 Dareus
298 736 427 819 quidem
448 735 681 799 hereditarium
699 734 870 800 Persarum
891 737 1016 820 accepit
1033 737 1091 800 im·
1112 755 1145 803 1a

79 821 219 905 perium,
243 822 357 888 sedin
380 823 488 888 sedem
511 820 589 906 Gyri
611 823 767 889 beneficio
791 822 934 908 Bagoae,
956 825 1092 890 castrati

80 909 231 996 hominis,
252 911 424 976 admissus:
447 932 488 975 ne
512 931 570 976 vos
588 931 707 995 magno
727 912 839 977 labore
858 912 995 978 credatis
1013 912 1091 976 Bes-

49 1000 152 1065 9sum
174 1019 312 1064 vacuum
338 1019 474 1083 regnum
501 1003 741 1083 occupaturum
784 998 854 1064 Nos
880 1022 956 1065 vero
984 1022 1092 1084 pecca·
1113 1019 1146 1067 ra

80 1087 200 1169 vimus,
227 1086 360 1169 milites,
388 1088 417 1151 si
438 1086 581 1151 Dareum
609 1089 650 1152 ob
674 1087 736 1152 hoc
758 1087 908 1171 vicimus,
934 1092 972 1153 ut
999 1110 1092 1154 servo

82 1174 152 1238 eius
178 1174 379 1238 traderemus
402 1175 588 1259 imperium,
616 1175 671 1258 qui
693 1175 846 1240 ultimum
869 1197 965 1240 ausus
989 1177 1092 1241 scelus

81 1281 191 1346 regern
219 1283 326 1345 suum,
353 1263 454 1327 etiam
477 1266 626 1327 externae
650 1264 721 1346 opis
745 1266 906 1346 egentem,
932 1266 1019 1328 certe
1042 1264 1093 1328 cui

79 1371 140 1415 nos
158 1351 298 1415 victores
319 1351 583 1435 pepercissemus,
606 1353 699 1435 quasi
720 1351 884 1435 captivum
903 1351 938 1414 in
955 1351 1092 1416 vinculis

80 1438 209 1520 habuit,
242 1438 283 1502 ad
314 1438 480 1522 ultimum,
511 1460 552 1502 ne
585 1440 725 1504 anobis
759 1440 944 1504 conservari
975 1443 1093 1522 posset,

81 1527 207 1591 occidit.
252 1525 347 1592 Hunc
369 1549 427 1592 vos
448 1548 586 1612 regnare
608 1525 798 1611 patiemini?
826 1549 922 1611 quem
946 1526 1093 1611 equidem
1114 1546 1147 1596 14

81 1615 168 1678 cruci
195 1614 336 1679 adfixum
358 1614 466 1680 videre
492 1613 627 1699 festino,
655 1616 805 1681 omnibus
833 1615 966 1699 regibus
989 1615 1093 1698 genti-

81 1701 206 1785 busque
230 1707 262 1766 et
288 1701 392 1785 Fidei,
420 1723 518 1784 quam
544 1703 693 1782 violavit,
721 1703 854 1767 meritas
881 1724 1001 1786 poenas
1029 1704 1092 1768 sol-

82 1791 225 1852 venteml
264 1788 312 1852 At
330 1789 469 1872 hercule,
488 1791 516 1854 si
534 1811 609 1854 mox
628 1791 762 1855 eundem
782 1790 979 1855 Graecorum
996 1791 1093 1854 urbes
1114 1809 1148 1860 15

83 1880 141 1941 aut
166 1874 414 1960 Hellespontum
440 1881 570 1943 vastare
597 1878 782 1943 nuntiatum
805 1878 867 1942 erit
892 1877 998 1961 vobis,
1029 1900 1093 1962 quo

83 1965 195 2030 dolore
218 1964 422 2048 adficiemini,
443 1963 582 2031 Bessum
604 1967 748 2050 praemia
769 1968 897 2031 vestrae
919 1987 1095 2049 occupasse

82 2053 259 2118 victoriae?
302 2053 392 2118 Tunc
416 2053 456 2118 ad
482 2054 673 2137 repetendas
701 2077 753 2120 res
781 2054 990 2138 festinabilis,
1018 2058 1095 2119 tunc

82 2162 174 2206 arma
193 2141 336 2225 capietis.
377 2140 505 2217 Quanto
525 2146 633 2208 autem
650 2146 804 2226 praestat,
822 2143 971 2207 territum
990 2143 1095 2207 adhuc
1115 2164 1149 2214 rs

83 2233 117 2294 ct
138 2230 192 2294 vix
215 2231 334 2294 mentis
362 2251 440 2295 suae
468 2234 651 2314 compotem
678 2232 872 2316 opprimere!
919 2229 1095 2306 Quadridui

82 2317 178 2382 nobis
200 2317 263 2383 iter
285 2320 445 2403 superest,
472 2319 528 2402 qui
553 2323 604 2385 tot
626 2319 883 2403 proculcavimus
909 2319 1018 2401 nives,
1045 2320 1096 2382 tot

84 2421 194 2471 amnes
213 2407 445 2491 superavimus,
462 2409 514 2472 tot
529 2408 688 2473 montium
701 2408 779 2492 iuga
793 2405 1094 2471 transcucurrimus.

82 2492 159 2559 Non
172 2515 260 2560 mare
274 2495 365 2578 illud,
384 2494 469 2579 quod
488 2499 680 2560 exaestuans
698 2496 761 2559 iter
778 2494 930 2559 fluctibus
949 2496 1095 2576 occupat,

84 2585 196 2646 euntes
219 2603 279 2647 nos
302 2585 462 2666 moratur,
488 2603 555 2648 non
577 2580 711 2663 Ciliciae
737 2581 847 2646 fauces
870 2583 904 2644 et
926 2581 1096 2663 angustiae

82 2668 265 2733 includunt:
288 2669 388 2751 plana
411 2671 521 2733 omnia
543 2673 576 2734 et
593 2689 695 2753 prona
713 2672 797 2734 sunt.
836 2667 876 2732 In
894 2667 965 2751 ipso
984 2666 1095 2733 limine

83 2756 240 2819 victoriae
267 2759 400 2820 stamus.
444 2756 543 2820 Pauci
568 2756 664 2822 nobis
689 2755 821 2842 fugitivi
843 2757 878 2820 et
899 2754 1021 2820 domini
1044 2756 1094 2821 sui
1115 2778 1148 2826 17

83 2841 305 2908 interfectores
338 2848 520 2925 supersunt.
570 2844 762 2930 Egregium,
792 2843 986 2927 mehercule,
1013 2864 1095 2928 opus

84 2934 118 2994 et
134 2931 219 2995 inter
236 2932 343 3015 prima
362 2932 483 3015 gloriae
506 2936 634 2998 vestrae
656 2933 889 2997 numerandum
909 2932 1096 3015 posteritati

83 3019 253 3104 famaeque
288 3019 437 3104 tradetis,
472 3018 571 3085 Darei
602 3042 729 3106 quoque
758 3020 864 3086 hostis
896 3019 988 3084 finito
1020 3026 1096 3103 post

83 3112 222 3173 mortem
240 3108 330 3172 illius
349 3108 422 3174 odio
440 3109 618 3191 parricidas
642 3131 711 3175 esse
730 3131 788 3175 vos
810 3109 912 3192 ultos,
933 3109 1094 3173 neminem

82 3196 208 3280 inpium
222 3196 373 3280 effugisse
387 3200 512 3262 vestras
527 3219 650 3264 manus.
677 3197 748 3263 Hoc
761 3199 958 3282 perpetrato,
973 3201 1094 3279 quanto
1115 3218 1147 3266 18

83 3284 213 3349 creditis
236 3283 353 3349 Persas
381 3285 644 3369 obsequentiores
671 3285 753 3365 fore,
780 3307 853 3350 cum
876 3284 1095 3349 intellexerint

82 3394 140 3437 vos
166 3373 222 3456 pia
248 3373 336 3438 bella
366 3373 528 3457 suscipere
552 3378 585 3438 et
607 3373 700 3439 Bessi
723 3374 849 3454 sceleri,
876 3393 940 3437 non
970 3371 1092 3438 nomini

82 3481 141 3525 suo
164 3460 297 3525 irasci‘?'
