2422 3892
117 150 179 214 108
487 149 518 214 Q.
539 147 647 204 GUBTI
664 148 751 203 RUFI

62 313 94 362 13
114 294 278 377 deplorare
307 295 490 375 coeperunt:
532 289 648 356 Persae
676 291 729 355 ad.
742 292 815 357 illos
838 291 976 356 clamore
999 292 1123 373 perlato

114 377 244 446 attoniti
266 383 354 445 metu
376 400 435 444 nec
458 401 547 444 arma
570 400 690 463 capere,
712 400 754 442 ne
776 379 811 442 in
833 377 1022 443 Bactrianos
1044 379 1123 442 inci-

114 470 233 553 derent,
250 489 311 533 nec
326 467 487 552 quiescere
501 467 671 550 audebant,
688 489 730 530 ne
743 466 841 550 impie
856 467 999 531 deserere
1014 485 1124 549 regem
1193 535 1200 547 ‚

62 576 95 624 14
112 557 304 621 viderentur.
348 554 466 620 Varius
494 576 531 620 ac
559 554 707 619 dissonus
735 554 855 619 clamor
882 555 952 618 sine
980 553 1058 617 duce
1086 574 1123 617 ac

115 645 183 709 sine
206 644 339 727 imperio
362 643 440 707 totis
459 643 573 707 castris
590 641 795 706 referebatur.
830 640 931 706 Besso
951 645 983 704 et
999 639 1123 705 Nabar·
1134 642 1178 706 34

113 732 186 796 'zani
207 732 436 797 nuntiaverant
457 730 515 813 sui,
537 751 646 814 regem
667 753 687 794 a
705 730 876 813 semetipso
894 730 1123 812 interemptum

63 837 94 886 15
115 841 198 883 esse:
221 820 370 903 planetus
393 815 448 882 eos
471 817 647 900 deceperat
690 817 803 900 Itaque
826 817 932 881 citatis
957 816 1046 899 equis
1070 817 1123 880 ad·

17 973 20 979 ,
114 907 226 971 volant
248 905 465 989 sequentibus,
489 926 568 987 quos
592 904 632 968 ad
653 904 867 969 ministerium
890 905 1017 968 sceleris
1041 903 1123 967 dele·

114 995 243 1077 gerant:
261 997 308 1076 ,et
335 1014 408 1057 cum
433 992 678 1060 tabernaculum
699 993 887 1075 intrassent,
918 991 993 1076 qnia
1014 1011 1124 1076 regern

114 1081 220 1145 vivere
259 1081 417 1165 spadones
452 1080 651 1163 indicabant,
696 1079 912 1163 conprehendi
947 1079 1123 1162 vincirique

63 1186 96 1235 re
113 1169 284 1233 iusserunt.
327 1166 397 1233 Bex
428 1189 523 1234 curru
553 1168 649 1251 paulo
682 1171 757 1232 ante
788 1171 898 1232 vectus
930 1169 964 1230 et
993 1167 1123 1231 deorum

114 1256 263 1340 auspiciis
294 1277 331 1321 ac
362 1256 427 1320 suis
456 1254 632 1320 honoribus
660 1256 765 1320 cultus
792 1255 882 1319 nulla
909 1257 1040 1318 externa
1063 1274 1123 1336 ope

90 1342 246 1408 ¹admota
272 1343 417 1427 captivus
445 1364 608 1407 servorum
635 1364 765 1406 suorum
791 1343 827 1405 in
850 1341 1014 1406 sordidum
1036 1341 1123 1405 vehi·

64 1449 95 1496 ιτ
116 1433 222 1494 culum
243 1427 391 1515 [pellibus
413 1429 552 1512 undique
571 1432 749 1509 contectus]
773 1429 948 1512 inponitur.
985 1427 1124 1494 Pecunia

114 1518 199 1600 regis
228 1520 261 1580 et
287 1517 429 1599 supellex
456 1516 548 1600 quasi
569 1515 646 1580 belli
668 1517 735 1580 iure
759 1516 920 1599 diripitur,
953 1517 1123 1600 onustique

114 1604 234 1687 praeda
268 1624 326 1688 per
363 1604 465 1668 scelus
497 1603 644 1669 ultimum
675 1607 769 1687 parta
799 1604 912 1688 fugam
942 1604 1124 1669 intendunt.

64 1711 102 1759 18·
115 1690 295 1756 Artabazus
323 1713 394 1755 curn
416 1692 484 1775 his,
507 1692 562 1776 qui
584 1692 718 1776 imperio
740 1692 910 1775 parebant,
933 1689 1124 1775 Graecisque

115 1779 270 1844 militibus
301 1778 497 1844 Parthienen
527 1779 671 1864 petebat,
703 1780 812 1845 omnia
842 1779 963 1843 tutiora
994 1779 1124 1863 parrici-

67 1885 96 1933 19
116 1865 228 1931 darum
251 1867 397 1933 contuitu
419 1871 518 1933 ratus.
553 1865 669 1932 Persae
692 1867 857 1950 promissis
876 1865 969 1931 Bessi
993 1867 1124 1948 onerati,

115 1955 252 2018 maxime
276 1955 351 2037 quia
373 1976 468 2018 nemo
491 1955 572 2018 alius
595 1958 672 2037 erat,
695 1976 790 2037 quem
811 1957 1027 2038 sequerentur,
1050 1975 1123 2018 con-

116 2041 247 2104 iunxere
266 2063 300 2104 se
316 2040 506 2123 Bactrianis,
528 2061 644 2126 agmen
661 2063 771 2106 eorum
788 2042 885 2106 tertio
905 2042 1048 2107 adsecuti
1065 2041 1125 2105 die.

64 2147 97 2196 20
116 2125 166 2190 Ne
194 2131 305 2191 tamen
330 2127 435 2193 honos
461 2129 531 2212 regi
557 2150 625 2193 non
650 2128 835 2212 haberetur,
866 2129 970 2193 aureis
1000 2150 1124 2211 compe-

117 2214 210 2279 dibus
233 2213 374 2279 Dareum
396 2216 553 2298 vinciunt,
574 2238 659 2281 nova
680 2217 818 2281 ludibria
841 2216 976 2280 subinde
999 2217 1123 2300 excogi-

110 2304 205 2369 tante
228 2302 369 2385 fortuna,
392 2306 424 2367 et
445 2324 487 2367 ne
508 2302 593 2368 forte
616 2304 703 2368 cultu
725 2304 814 2389 regio
833 2307 943 2387 posset
961 2302 1124 2388 adgnosci,

117 2390 252 2455 sordidis
274 2391 412 2474 pellibus
434 2391 615 2463 vehiculum
637 2391 831 2456 intexerent:
853 2391 959 2475 ignoti
981 2391 1125 2455 iumenta

117 2477 270 2561 agebant:
297 2501 339 2544 ne
360 2478 625 2562 percontantibus
647 2479 682 2543 in
705 2480 833 2565 agmine
855 2479 1029 2543 monstrari
1052 2500 1124 2562 pos·

116 2569 179 2649 set,
202 2566 350 2631 custodes
373 2568 485 2650 procul
509 2566 732 2650 sequebantur.

527 2722 605 2788 Onr.
627 2723 715 2787 XIII.
756 2795 761 2803 ‚

82 2846 96 2892 1
204 2827 387 2892 Alexander
408 2829 528 2911 audito,
548 2827 691 2893 Dareum
712 2829 858 2894 movisse.
874 2830 915 2894 ab
937 2828 1124 2911 Ecbatanis,
1135 2828 1180 2894 35

117 2912 235 2977 omisso
258 2915 386 2997 itinere,
418 2916 503 2998 quod
524 2917 656 2998 petebat
678 2917 726 2996 [in
748 2915 914 2999 Mediam],
945 2915 1124 2997 fugientem

81 3021 97 3068 2
116 3000 243 3082 insequi
263 3001 371 3083 pergit
392 3004 531 3066 strenue.
575 3002 681 3067 Tabas
703 3001 916 3084 -oppidum
938 3005 988 3064 est
1008 3001 1044 3063 in
1064 2999 1123 3064 Pa-

116 3089 281 3151 raetacene
304 3086 418 3150 ultima
442 3122 482 3132 -
506 3088 665 3168 pervenit:
697 3089 743 3152 ibi
764 3088 951 3170 transfugae
973 3089 1125 3151 nuntiant

81 3173 324 3254 spraecipitem
344 3170 424 3255 fuga
445 3170 564 3235 Bactra
584 3177 694 3255 petere
714 3173 864 3237 Dareum.
904 3170 1049 3239 Certiora
1072 3175 1124 3238 de·

116 3257 190 3321 inde
217 3257 383 3342 cognoscit
410 3279 448 3322 ex
470 3257 646 3343 Bagistane
668 3258 865 3340 Babylonios
892 3279 955 3323 noa
978 3262 1124 3342 equidem

116 3345 260 3410 vinctum
285 3364 408 3429 regem,
440 3346 495 3410 sed
522 3346 557 3410 in
583 3344 724 3430 periculo
753 3364 821 3408 esse
849 3348 905 3409 aut
931 3347 1044 3409 mortis
1068 3351 1125 3411 aut

81 3453 98 3502 4
116 3433 316 3498 vinculorum
335 3431 533 3498 adfirmabat.
567 3432 636 3497 ch
654 3431 786 3510 ducibus
803 3433 994 3516 convocatis,
1013 3432 1124 3497 ‘Maxi-

115 3519 226 3607 mum',
251 3519 369 3604 inquit,
403 3519 508 3604 ‘opus,
540 3521 595 3585 sed
621 3519 713 3584 labor
740 3518 947 3588 brevissimus
971 3523 1125 3605 superest
