2422 3892
122 145 164 210 58
496 145 528 210 Q.
548 146 658 202 OURTI
675 144 773 201 RUFI·
826 174 831 189 ·

121 294 310 373 percensent
330 289 469 354 Persidis
491 311 612 375 regum,
636 311 716 375 quos
740 288 882 355 adversis
903 288 953 354 dis
970 309 1141 375 pugnasse

88 377 217 447 vlunae
251 378 444 442 ostendisset
475 377 618 444 defectio.
671 376 770 442 Nulla
805 397 856 442 res
892 377 1140 443 multitudinem

123 466 281 531 efficacius
317 466 402 550 regit
436 487 533 549 quam
564 466 762 549 superstitio:
798 465 942 549 alioquin
971 464 1140 549 inpotens,

122 576 230 638 saeva,
253 554 431 638 mutabilis,
453 553 510 618 ubi
531 576 616 618 vana
642 555 796 639 religione
824 556 919 637 capta
937 556 994 637 est,
1018 553 1138 620 melius

55 716 58 721 ¹
120 642 256 725 vatibus,
279 663 376 726 quam
390 641 523 706 ducibus
538 643 603 707 suis
617 645 717 724 paret
747 641 852 725 Igitur
868 640 955 705 edita
967 641 1002 704 in
1015 642 1137 726 vulgus

35 800 39 805 ,
120 729 353 820 Aegyptiorum
385 750 543 813 ¹responsa
577 750 688 794 rursus
724 729 765 793 ad
796 749 886 811 spem
919 732 952 793 et
982 728 1137 794 fiduciam

87 838 248 886 serexere
261 820 455 900 'torpentes
508 817 577 882 Rex
610 819 733 901 impetu
765 818 945 882 animorum
976 817 1185 884 utendum40

121 908 210 968 ratus
234 905 373 970 secunda
394 906 505 991 vigilia
527 909 632 970 castra
654 905 771 970 movit:
796 905 908 969 dextra
929 905 1055 990 Tigrim
1077 904 1137 970 ha·

86 991 230 1075 abebat,
263 1015 284 1058 a
304 994 395 1058 laeva
417 997 555 1080 montes,
579 1014 659 1078 quos
683 992 870 1076 Gordyaeos
891 995 1016 1058 vocant
1061 991 1137 1059 Hoc

120 1080 275 1164 ingressis
301 1082 363 1146 iter
391 1082 619 1166 speculatores,
656 1081 710 1167 qui
737 1081 906 1164 praemissi
936 1083 1041 1165 erant,
1073 1081 1136 1146 sub
1170 1137 1178 1154 ,

53 1243 58 1251 ,
120 1169 201 1233 lucis
224 1173 330 1235 ortum
347 1169 488 1235 Dareum
507 1170 678 1234 adventare
695 1169 933 1233 nuntiaverunt.
968 1167 1135 1234 mbucto

70 1277 103 1326 10
120 1257 221 1341 igitur
252 1259 352 1323 milite
384 1262 417 1324 et
448 1259 615 1342 conposito
647 1258 775 1342 agmine
805 1256 1020 1322 antecedebat
1070 1254 1137 1321 Sed

120 1343 289 1410 Persarum
316 1350 493 1410 moratores
521 1348 626 1428 erant,
657 1346 744 1410 mille
770 1344 884 1429 ferme,
913 1345 971 1442 qui
993 1344 1137 1428 speciem

121 1434 232 1516 magni
251 1433 390 1517 agminis
407 1434 565 1509 fecerant:
584 1433 700 1516 quippe
719 1432 775 1497 ubi
794 1432 954 1516 explorari
972 1453 1050 1497 vera
1064 1454 1137 1498 non
1156 1512 1160 1517 .

70 1540 101 1588 11
121 1523 268 1602 possunt,
293 1520 381 1584 falsa
397 1540 455 1603 per
476 1522 597 1583 metum
620 1524 786 1604 augentur.
830 1519 896 1584 His
915 1520 1054 1605 cognitis
1075 1542 1138 1586 rex

121 1628 194 1670 cum
219 1607 330 1690 paucis
354 1628 483 1671 suorum
507 1607 676 1672 adsecutus
700 1629 818 1693 agmen
839 1607 1068 1693 refugientium
1093 1610 1137 1673 ad

122 1715 197 1758 suos
230 1695 310 1760 alios
341 1695 468 1779 cecidit,
500 1695 599 1778 cepit·
616 1696 709 1760 alios:
749 1697 934 1780 equitesque
966 1695 1138 1778 praemisit

123 1783 334 1866 speculatum,
357 1783 453 1848 simul
476 1787 513 1848 ut
534 1784 653 1868 ignem,
676 1805 738 1868 quo
761 1783 891 1848 barbari
913 1788 1139 1849 cremaverant

71 1889 102 1937 12
121 1871 221 1954 vicos,
254 1873 485 1956 extinguerent.
539 1871 664 1954 Quippe
695 1870 855 1955 fugientes
886 1871 1006 1954 raptim
1037 1872 1137 1938 tectis

122 1959 305 2042 acervisque
331 1959 486 2023 frumenti
507 1959 684 2023 iniecerant
705 1959 865 2042 flammas,
897 1979 978 2042 quae
1001 1979 1075 2023 cum
1098 1958 1138 2024 iu

122 2067 245 2109 summo
267 2046 455 2129 haesissent,
478 2046 519 2110 ad
540 2046 693 2110 inferiora
714 2047 859 2110 nondum
877 2049 1137 2135 penetraverant
1200 2108 1203 2113 .

70 2153 102 2201 13
121 2131 275 2197 Extincto
298 2133 398 2216 igitur
419 2134 494 2217 igne
517 2135 690 2218 plurimum
712 2133 865 2199 frumenti
887 2137 1049 2217 repertum
1067 2139 1137 2200 est:

122 2220 215 2304 copia
237 2221 371 2284 aliarum
393 2242 518 2305 quoque
540 2243 647 2286 rerum
670 2221 832 2286 abundare
856 2224 1038 2304 coeperunt
1081 2220 1138 2287 Ea

121 2330 172 2373 res
200 2309 272 2391 ipsa
298 2309 393 2373 militi
421 2310 461 2373 ad
488 2309 740 2393 persequendum
766 2309 894 2373 hostem
917 2309 1061 2373 animum
1083 2309 1137 2378 in·

111 2398 240 2461 cendit:
278 2397 395 2481 quippe
427 2401 539 2472 urente
569 2401 601 2461 et
626 2398 801 2481 populante
828 2418 865 2460 eo
892 2401 1012 2461 terram
1041 2397 1136 2462 festi·

71 2504 103 2553 14
120 2485 263 2550 nandum
286 2489 366 2569 erat,
398 2507 439 2550 ne
461 2485 609 2550 incendio
632 2488 748 2549 cuncta
768 2485 973 2569 praeciperet
1018 2484 1060 2549 In
1080 2507 1135 2551 ra·

119 2575 241 2641 tionem
278 2595 353 2659 ergo
384 2574 560 2639 necessitas
592 2595 685 2637 versa
716 2580 781 2638 est:
823 2574 941 2658 quippe
972 2571 1135 2658 Mazaeus,
1180 2645 1186 2659 ι

122 2665 176 2746 qui
200 2665 294 2727 antea
316 2684 373 2746 per
395 2662 496 2726 otium
519 2662 606 2726 vicos
628 2662 822 2744 incenderat,
844 2662 910 2725 iam
927 2661 1037 2746 fugere
1056 2683 1142 2726 oon·-

70 2753 229 2818 retentus
265 2750 416 2834 pleraque
452 2749 608 2814 inviolata
642 2749 729 2819 hosti
759 2750 897 2834 reliquit.
949 2748 1135 2814 Alexander

120 2837 206 2901 haud
228 2837 357 2921 longius
381 2854 424 2903 on
447 2838 558 2902 stadiis
582 2836 723 2902 Dareum
746 2860 766 2902 a
788 2859 822 2902 se
845 2837 956 2901 abesse
979 2858 1134 2921 conpere·
1191 2852 1196 2861 '

120 2928 180 2995 rat.
219 2922 336 3007 ltaque
360 2925 400 2988 ad
424 2926 604 2990 satietatem
627 2946 753 3010 quoque
780 2926 872 3008 copia
894 2927 1134 2993 commeatuum

120 3013 297 3077 instructus
320 3012 495 3095 quadriduo
518 3013 553 3076 in
576 3014 687 3076 eodem
709 3015 781 3078 loco
805 3013 960 3079 substitit.

69 3121 101 3173 16
207 3100 408 3183 Interceptae
444 3099 557 3163 deinde
592 3099 700 3184 Darei
724 3094 850 3167 litterae
887 3105 976 3180 sunt,
1012 3097 1132 3187 quibus

120 3188 234 3253 Graeci
256 3188 374 3253 milites
398 3188 666 3272 sollicitabantur,
696 3192 734 3253 ut
759 3211 869 3274 regem
896 3193 952 3254 aut
973 3189 1133 3254 interfice·

119 3274 193 3342 rent
215 3280 271 3340 aut
292 3276 475 3361 proderent,
498 3276 731 3363 dubitavitque,
755 3299 797 3341 an
819 3299 873 3342 eas
896 3299 955 3362 pro
979 3277 1132 3343 contione

119 3366 284 3450 recitaret,
320 3365 398 3430 satis
431 3365 571 3430 confisus
603 3364 796 3431 Graecorum
829 3386 954 3451 quoque
987 3386 1064 3450 erga
1096 3385 1132 3430 se

68 3474 99 3524 1⁷
119 3454 352 3518 benivolentiae
379 3474 416 3519 ac
444 3454 526 3520 fidei.
577 3453 639 3520 Sed
666 3454 837 3519 Parmenio
869 3453 1034 3538 deterruit,
1066 3473 1133 3523 non

109 3564 183 3607 esse
209 3543 334 3634 talibus,
351 3542 526 3631 promissis
553 3543 734 3610 inbuendas
758 3563 852 3608 aures
872 3542 1013 3606 militum
1034 3540 1127 3606 adfir*
1198 3606 1202 3615 ,
