2422 3892
122 135 185 198 118
496 133 528 200 O.
548 132 658 189 OURTI
676 133 763 189 RUFI

119 279 265 343 centibus
291 300 363 343 eam
390 278 567 342 verecunde
593 278 815 343 reluctantem.
862 277 1032 342 Excellens
1061 283 1137 344 erat

118 366 224 432 forma
242 370 276 431 et
293 366 432 431 formam
445 366 548 449 pudor
561 366 768 431 honestabat.
803 364 947 431 Deiectis
961 366 996 430 in
1009 369 1135 432 terram

119 455 220 520 oculis
253 459 299 538 et,
331 458 486 538 quantum
518 453 650 532 licebat,
686 475 742 519 ore
773 455 882 518 velato
914 454 1136 537 suspicionem

121 542 270 626 praebuit
282 543 361 627 regi,
375 543 573 607 nobiliorum
588 563 667 620 esse,
686 563 783 626 quam
796 545 834 606 ut
846 542 932 607 inter
945 541 1134 609 convivales

85 635 100 683 ⁷
121 630 212 695 ludos
227 632 358 696 deberet
372 630 506 695 ostendi.
533 630 624 713 Ergo
638 630 848 715 interrogata,
862 650 1021 714 quaenam
1035 635 1135 717 esset,

119 719 242 802 neptim
270 741 305 784 se
329 717 422 802 Ochi,
453 717 508 802 qui
535 739 637 802 nuper
658 722 829 803 regnasset
850 718 886 782 in
910 717 1034 802 Persis,
1060 719 1134 785 filio

120 807 188 871 eius
212 807 356 890 genitam
380 827 450 872 esse
472 807 647 891 respondit,
669 827 802 872 uxorem
820 805 997 890 Hystaspis
1019 806 1135 874 fuisse.

119 894 324 978 Propinquus
348 893 402 960 hie
423 894 523 960 Darei
544 894 665 979 fuerat,
688 896 799 979 magni
822 900 855 960 et
877 895 948 978 ipse
970 896 1133 962 exercitus

84 996 100 1044 8
120 984 258 1064 praetor.
295 982 410 1048 Adhuc
423 983 458 1048 in
473 985 581 1048 animo
598 984 685 1068 regis
701 987 813 1048 tenues
827 982 986 1068 reliquiae
998 984 1134 1068 pristini

120 1071 219 1135 moris
236 1071 424 1137 haerebant.
459 1072 575 1156 Itaque
592 1071 756 1136 fortunam
774 1072 866 1155 regia
883 1071 986 1155 stirpe
999 1072 1133 1156 genitae

119 1163 153 1225 et
184 1163 252 1224 tam
281 1160 405 1225 celebre
433 1182 551 1226 nomen
580 1161 724 1243 [neptem
751 1159 847 1241 Ochi]
878 1159 1038 1225 reveritus
1065 1181 1135 1226 non

119 1248 240 1312 dimitti
258 1248 355 1314 modo
374 1249 546 1334 captivam,
570 1248 625 1313 sed
645 1249 744 1313 etiam
762 1248 892 1313 restitui
910 1248 939 1313 ci
958 1269 1033 1314 suas
1052 1270 1133 1332 opes

118 1336 222 1420 iussit,
244 1338 351 1402 virum
370 1359 496 1421 quoque
514 1337 644 1420 requiri,
666 1340 703 1400 ut
720 1340 848 1420 reperto
868 1335 1038 1420 coniugem
1059 1337 1134 1402 red·

83 1425 217 1488 aderet.
256 1424 392 1490 Postero
417 1428 525 1488 autem
553 1423 604 1488 die
630 1425 795 1508 praecepit
817 1423 1066 1508 Hephaestioni,
1093 1429 1134 1490 ut

119 1532 230 1575 omnes
254 1511 399 1595 captivos
421 1511 456 1575 in
478 1512 603 1595 regiam
624 1511 752 1576 iuberet
779 1511 901 1578 adduci.
946 1511 998 1578 Ibi
1021 1514 1133 1597 singu·

118 1600 224 1664 lorum
255 1598 428 1663 nobilitate
461 1603 608 1682 spectata
636 1600 775 1665 secrevit
802 1622 829 1664 a·
848 1600 960 1685 vulgo,
992 1621 1132 1685 quorum

119 1687 281 1751 eminebat
298 1707 409 1771 genus.
448 1685 539 1752 Mille
558 1688 593 1752 hi
611 1687 753 1753 fuerunt:
776 1689 862 1752 inter
881 1709 962 1772 quos
979 1692 1131 1772 repertus

118 1778 169 1841 est
192 1775 366 1859 Oxathres,
392 1775 492 1841 Darei
518 1775 632 1860 frater,
660 1798 726 1842 non
748 1777 836 1841 illius
858 1775 1005 1862 fortuna,
1031 1797 1131 1861 quam

68 1869 99 1918 ¹⁰
117 1864 225 1930 indole
244 1865 343 1930 animi
361 1865 412 1929 sui
430 1864 556 1930 clarior.
590 1883 677 1931 xxm
695 1865 786 1931 milia
802 1865 962 1930 talentum
980 1865 1131 1950 proxima

116 1953 236 2035 praeda
262 1953 393 2017 redacta
414 1956 519 2017 erant:
551 1975 569 2017 e
597 1952 669 2037 quis
691 1953 859 2019 duodecim
882 1953 975 2018 milia
997 1953 1033 2018 in
1054 1975 1130 2019 oon·

118 2041 258 2122 giarium
285 2040 428 2105 militnm
452 2041 623 2124 absumpta
646 2045 731 2107 sunt.
779 2041 843 2108 Par
870 2041 946 2107 huic
972 2042 1131 2125 pecuniae

59 2133 96 2182 111
118 2148 244 2191 summa
266 2127 435 2192 custodum
456 2127 570 2193 fraude
594 2130 760 2194 subtracta
778 2133 836 2196 est.
877 2128 1038 2214 Oxydates
1058 2136 1131 2197 erat

115 2215 237 2280 nobilis
250 2214 378 2299 Perses,
397 2216 453 2300 qui
467 2238 486 2280 a
499 2216 606 2283 Dareo
622 2219 755 2301 capitali
769 2218 927 2302 supplicio
946 2218 1131 2286 destinatus

117 2303 330 2369 cohibebatur
343 2303 378 2368 in
391 2304 544 2370 vinculis:
562 2305 638 2370 huic
652 2307 788 2371 liberato
804 2309 987 2390 satrapeam
1001 2306 1130 2373 Mediae

117 2393 281 2458 attribuit:
307 2392 505 2478 fratremque
528 2391 627 2458 Darei
649 2395 771 2478 recepit
796 2395 831 2459 in
854 2394 1020 2461 cohortem
1047 2396 1129 2461 ami·

117 2502 225 2547 corum
248 2482 338 2547 omni
360 2485 507 2547 vetustae
530 2481 689 2547 claritatis
712 2483 835 2549 honore
858 2488 997 2549 servato.

64 2576 96 2624 la
202 2569 288 2635 Hinc
306 2571 341 2636 in
356 2569 554 2637 Parthienen
571 2574 761 2655 perventum
775 2575 838 2655 est,
855 2575 932 2637 tunc
945 2571 1159 2658 ignobileme

116 2663 258 2742 gentem,
286 2681 371 2724 nunc
395 2663 491 2744 caput
519 2659 676 2744 omnium,
705 2661 760 2743 qui
782 2663 857 2744 post
879 2660 1070 2744 Euphraten
1093 2665 1128 2727 et

61 2753 96 2802 13
116 2746 242 2830 Tigrim
267 2769 377 2813 amnes
402 2749 457 2813 siti
483 2749 581 2814 rubro
604 2748 688 2814 mari
713 2748 937 2814 terminantur.
986 2745 1128 2833 Scythae

113 2834 281 2917 regionem
299 2840 510 2920 campestrem
530 2859 567 2902 ac
584 2836 727 2903 fertilem
745 2841 993 2922 occupaverunt,
1010 2856 1128 2921 graves

115 2921 220 2986 adhue
238 2923 375 2988 accolae.
418 2923 515 2990 Sedes
536 2925 659 2990 habent
677 2930 710 2990 et
727 2927 762 2990 in
779 2925 912 3010 Europa
930 2928 964 2990 et
981 2924 1016 2989 in
1029 2923 1127 2990 Asia:

113 3009 169 3093 qui
189 3031 285 3093 super
302 3009 484 3095 Bosporum
504 3013 621 3098 colunt,
640 3014 863 3080 adscribuntur
877 3013 989 3079 Asiae:
1009 3017 1051 3092 at,
1070 3013 1127 3098 qui

113 3097 148 3162 in
179 3097 312 3181 Europa
344 3104 432 3184 sunt,
465 3122 484 3164 a
515 3101 607 3166 laevo
635 3102 792 3167 Thraciae
823 3103 926 3168 latere
958 3102 998 3166 ad
1025 3101 1127 3186 Bory-

114 3185 262 3251 sthenem
287 3191 384 3273 atque
412 3189 486 3252 inde
510 3187 549 3253 ad
572 3189 707 3255 Tanaim
733 3191 847 3272 [alium
871 3191 1012 3272 amnem]
1036 3195 1128 3255 recta

60 3293 93 3340 14
112 3274 212 3358 plaga
244 3276 393 3342 attinent.
445 3277 565 3343 Tanais
597 3278 763 3364 Europam
796 3283 829 3344 et
856 3279 970 3344 Asiam
1001 3277 1126 3343 medius

113 3362 278 3429 interfluit.
323 3365 392 3431 Nec
415 3367 595 3450 dubitatur,
624 3368 703 3452 quin
729 3366 881 3451 Scythae,
908 3367 964 3452 qui
985 3366 1126 3431 Parthos

112 3451 296 3536 condidere,
327 3476 392 3518 non
420 3477 440 3519 a
466 3455 627 3539 Bosporo,
659 3454 716 3520 scd
743 3477 782 3519 ex
809 3455 961 3538 Europae
992 3454 1126 3538 regione

60 3558 93 3606 re
111 3541 360 3624 penetraverint.
393 3541 479 3608 Urbs
500 3547 571 3608 erat
586 3564 625 3608 ea
642 3546 837 3628 tempestate
851 3542 939 3608 clara
952 3541 1127 3608 Hecatom·
