2422 3892
114 133 158 197 94
488 130 520 198 Q.
539 132 648 187 CURTI
666 132 753 187 RUFI

113 279 240 343 litterae
262 277 439 342 redduntur
462 299 482 342 a
504 277 655 358 Tiridate,
677 276 809 341 custode
831 276 987 360 pecuniae
1005 277 1129 364 regiae,

113 367 292 430 indicantes
321 387 391 449 eos,
423 365 478 449 qui
508 365 544 428 in
570 365 648 429 urbe
675 367 799 447 essent,
830 364 940 429 audito
972 365 1041 429 eius
1069 366 1128 431 ad·

113 457 211 519 ventu
242 453 379 537 diripere
410 453 491 518 velle
522 453 708 517 thesauros:
749 455 937 536 properaret
966 473 1128 536 occupare

113 542 281 606 thesauros
313 540 476 604 dimissos:
509 540 692 624 expeditum
722 540 785 605 iter
814 561 897 622 esse,
928 560 1128 624 quamquam

78 649 94 698 1
113 630 236 694 Araxes
255 630 359 694 amnis
378 627 549 693 interfluat.
584 626 716 692 Nullam
733 628 886 692 virtutem
902 628 987 711 regis
1004 627 1127 694 iustius

115 739 211 800 quam
229 717 424 781 celeritatem
441 715 650 781 laudaverim:
673 716 793 780 relictis
807 715 1007 798 pedestribus
1021 716 1127 800 copiis

113 809 184 869 tota
210 808 305 869 nocte
331 809 430 869 616111
456 825 529 869 cum
557 804 718 889 equitibus
744 803 869 867 itineris
895 806 988 867 tanto
1016 803 1127 886 spatio

78 893 259 976 cfatigatis
290 892 331 956 ad
357 891 488 956 Araxen
513 892 617 975 prima
642 893 713 956 luce
736 891 890 974 pervenit
934 889 1007 954 Vici
1029 895 1129 956 erant

113 980 369 1132 inbpgrigpinquo:
383 980 508 1131 s{ruibus
527 980 791 1130 dirgtistpontem
809 1000 848 1044 ex
864 978 999 1042 materia
1011 999 1127 1044 eornm

114 1088 153 1131 su
223 1090 251 1131 rs
274 1089 359 1132 saxis
430 1089 510 1133 enue
533 1089 567 1131 m
591 1089 667 1132 uxr.

79 1176 95 1225 s
201 1154 334 1240 Iamque
361 1155 448 1220 haud
473 1156 586 1240 procul
608 1155 686 1219 urbe
709 1157 814 1237 erant,
846 1175 919 1218 cum
940 1153 1126 1238 miserabile

114 1264 244 1328 agmen,
274 1244 358 1308 inter
389 1265 492 1328 pauca
522 1244 672 1309 fortunae
699 1243 845 1326 exempla
870 1241 1127 1328 memorandum,
1168 1273 1180 1289 =

113 1332 184 1416 regi
206 1331 353 1397 occurrit.
398 1329 525 1414 Captivi
548 1334 640 1394 erant
662 1329 776 1396 Graeci
798 1329 838 1394 ad
860 1347 912 1394 1111
934 1329 1023 1393 milia
1044 1329 1126 1409 fere,

79 1443 95 1490 c
115 1440 195 1501 quos
209 1419 326 1483 Persae
343 1419 433 1482 vario
452 1418 682 1501 suppliciorum
695 1418 790 1482 modo
805 1417 998 1481 adfecerant
1028 1416 1125 1482 Alios

113 1506 262 1589 pedibus,
290 1504 447 1589 quosdam
473 1505 622 1569 manibus
651 1506 844 1589 auribusque
871 1503 1047 1589 amputatis
1072 1505 1126 1568 in·

114 1592 258 1676 ustisque
289 1591 500 1658 barbararum
527 1593 707 1657 litterarum
733 1595 821 1658 notis
848 1593 883 1656 in
908 1593 1045 1677 longum
1072 1592 1127 1657 sui

113 1679 287 1745 ludibrium
314 1683 569 1745 reservaverant:
606 1684 650 1763 et,
682 1702 754 1745 cum
781 1702 815 1745 se
842 1701 968 1766 quoque
998 1680 1127 1745 alienae

114 1767 248 1834 dicionis
281 1791 351 1835 esse
382 1773 561 1853 cernerent,
591 1770 736 1834 volentes
766 1769 836 1854 regi
850 1789 1027 1849 'occurrere
1055 1789 1127 1834 non

80 1857 353 1940 vprohibuerant.
385 1855 556 1922 Invisitata
578 1857 756 1940 simulacra,
778 1877 845 1921 non
865 1856 1014 1921 homines
1035 1855 1126 1921 vide·

114 1945 234 2008 bantur
264 1966 324 2010 nec
353 1946 522 2030 quicquam
549 1945 674 2009 inillis
703 1946 830 2028 praeter
856 1965 968 2010 vocem
993 1945 1128 2027 poterat

115 2031 277 2115 adgnosci.
325 2032 438 2098 Plures
469 2033 569 2116 igitur
599 2031 747 2096 lacrimas
779 2051 993 2115 commovere,
1025 2053 1127 2116 quam

114 2118 323 2202 profuderant
353 2119 429 2203 ipsi:
461 2120 578 2203 quippe
609 2120 645 2184 in
674 2123 743 2185 tam
773 2120 943 2202 multiplici
970 2119 1125 2202 variaque

114 2207 246 2271 fortuna
277 2207 476 2292 singulorum
506 2208 555 2270 int
540 2207 704 2272 tuentibus
736 2208 856 2272 similes
888 2207 1032 2292 quidem,
1066 2207 1126 2272 sed

115 2298 224 2359 tamen
247 2293 390 2379 dispares
411 2316 543 2378 poenas,
566 2296 636 2378 quis
659 2297 796 2360 maxime
818 2295 1010 2360 miserabilis
1028 2298 1127 2379 esset,

80 2383 235 2467 sliquere
257 2404 325 2448 non
343 2386 481 2468 poterat.
459 2381 564 2449 ttU
549 2385 660 2449 tvero
677 2384 787 2449 Iovem
809 2383 858 2447 illi
878 2382 1011 2447 tandem
1024 2379 1125 2446 Grae·

115 2472 182 2536 6116
215 2473 353 2537 ultorem
386 2471 548 2556 aperuisse
581 2473 690 2536 oculos
721 2472 974 2555 conclamavere,
1009 2490 1126 2535 omnes

113 2561 185 2644 pari
212 2560 368 2645 supplicio
395 2559 514 2624 adfecti
488 2560 603 2625 tsibi
625 2560 777 2625 videbant
777 2581 824 2624 ur.
869 2557 938 2623 Rex
960 2557 1127 2644 abstersis,

115 2670 193 2750 quas
215 2650 410 2734 profuderat,
432 2648 572 2714 lacrimis
590 2648 712 2731 bonum
729 2648 847 2712 habere
864 2647 1007 2710 animum
1019 2645 1125 2712 iubet:

113 2737 239 2801 visuros
261 2738 357 2802 urbes
380 2759 454 2802 suas
478 2737 743 2822 coniugesqueet
728 2735 877 2800 tliberos.
914 2732 1029 2800 Castra
1045 2732 1125 2798 inde

80 2823 177 2894 oduo
212 2823 252 2887 ab
284 2825 362 2888 urbe
395 2825 499 2889 stadia
529 2824 715 2910 communit.
769 2820 883 2887 Graeci
920 2824 1125 2887 excesserant
1138 2825 1182 2892 18

114 2911 199 2974 vallo
231 2910 448 2994 deliberaturi,
479 2912 556 2995 quid
582 2912 785 2995 potissimum
815 2932 834 2974 a
860 2931 935 2995 rege
962 2912 1124 2993 peterent.

115 3019 249 3081 cumque
273 2998 344 3062 aliis
363 2998 498 3062 sedem
488 3021 524 3063 111
541 2998 621 3063 Asia
638 3019 761 3083 rogare,
784 2997 855 3062 aliis
872 2998 990 3061 reverti
1009 2997 1124 3063 domos

113 3087 263 3171 placeret,
240 3084 368 3150 ttEuc
354 3088 465 3150 temon
483 3083 640 3170 Cymaeus
662 3086 709 3149 ita
730 3086 819 3150 locut
804 3088 856 3149 tus
875 3085 916 3149 ad
935 3106 989 3150 eos
1007 3084 1124 3150 fertur:

64 3196 96 3246 10
115 3175 173 3259 Ii,
205 3174 260 3258 qui
282 3173 377 3241 modo
406 3173 503 3238 etiam
531 3172 572 3238 ad
599 3195 693 3256 opem
720 3170 891 3258 petendam
919 3194 958 3237 ex
979 3171 1124 3238 tenebris

114 3267 147 3329 et
178 3284 303 3328 carcere
333 3262 503 3347 procedere
535 3262 732 3345 erubuimus,
767 3264 805 3325 ut
835 3282 921 3326 nunc
953 3263 1015 3345 est,
1047 3283 1124 3362 sup·

114 3352 210 3439 plicia
236 3354 410 3416 nostra—
436 3372 571 3436 quorum
597 3372 657 3416 nos
678 3349 799 3434 pudeat
820 3350 924 3434 magis
947 3349 1124 3431 1111116111-

113 3443 195 3526 teat,
217 3440 374 3505 incertum
396 3442 512 3505 est—
534 3441 695 3505 ostentare
717 3435 869 3502 Graeciae
891 3437 980 3502 velut
1001 3437 1124 3501 laetum

45 3550 82 3597 11
98 3530 325 3612 strectaeulum
358 3527 515 3616 cupimus.
560 3527 665 3615 Atqui
690 3525 813 3613 optime
831 3525 979 3590 miserias
1004 3523 1124 3607 ferunt,
