2422 3892
297 161 550 219 HISTORIARUM
568 163 783 218 ALEXANDRI
800 162 861 234 VII,
880 170 904 218 3.
924 172 948 220 4.
1063 165 1125 229 159

118 324 205 389 inter
223 345 258 389 se
276 323 354 409 iuga
372 325 462 389 velut
479 325 560 390 serie
580 324 785 389 cohaerentia
800 329 992 408 perpetuum
1006 325 1128 389 habent

119 412 264 495 dorsum,
296 433 335 478 ex
368 434 431 497 quo
464 411 564 478 Asiae
596 413 706 477 omnia
736 412 804 477 fere
830 413 963 477 flumina
995 413 1061 477 alia
1092 414 1127 477 in

118 499 274 583 Rubrum,
295 501 363 565 alia
384 501 419 564 in
442 499 595 585 Caspium
618 522 715 584 mare,
737 500 802 566 alia
823 501 858 566 in
876 499 1076 584 Hyrcanium
1094 504 1128 565 et

119 587 288 653 Ponticum
324 588 486 653 decidunt.
538 607 613 655 xvn
649 588 772 653 dierum
807 590 914 672 spatio
948 586 1127 654 Caucasum
1146 609 1180 657 aa

119 677 286 759 superavit
302 677 470 742 exercitus.
514 676 624 760 Rupes
646 677 682 740 in
704 698 741 741 eo
764 695 789 741 x
810 677 846 742 in
868 677 1003 742 circuitu
1021 676 1127 742 stadia

119 764 342 849 conplectitur,
356 782 412 832 1111
429 766 465 830 in
482 765 686 830 altitudinem
704 765 836 851 excedit,
853 767 887 829 in
907 787 970 849 qua
986 765 1128 830 vinctum

119 851 311 918 Promethea
341 852 441 918 tuisse
473 853 650 937 antiquitas
676 852 819 918 tradidit.
868 850 1061 919 Condendae
1092 854 1127 917 in
1145 873 1181 922 23

118 941 282 1006 radicibus
312 941 433 1006 montis
465 942 537 1005 urbi
564 940 655 1006 sedes
682 940 784 1005 electa
811 944 868 1006 est
918 959 968 1005 vn
996 941 1128 1007 milibus

119 1026 349 1094 Caucasiorum
371 1034 405 1093 et
425 1027 638 1094 Macedonum
660 1032 827 1111 praeterea
848 1029 1023 1108 militibus,
1049 1050 1129 1113 quo·

118 1137 317 1268 istst?
333 1116 571 1289 dissiliit
594 1116 1129 1287 litttttmhttttlfit

119 1295 245 1356 verunt.

543 1429 622 1497 Cur.
644 1431 702 1498 IV.

67 1560 109 1624 15
210 1555 254 1619 At
289 1553 409 1619 Bessus
441 1555 618 1620 Alexandri
653 1554 817 1619 celeritate
851 1555 1042 1638 perterritus
1079 1554 1163 1622 disc

119 1642 237 1724 patriis
266 1643 422 1708 sacrificio
450 1643 513 1707 rite
538 1643 641 1725 facto,
673 1643 758 1707 sicut
784 1642 850 1707 illis
879 1644 1031 1728 gentibus
1058 1664 1128 1708 mos

120 1731 186 1810 est,
209 1750 282 1794 cum
305 1729 418 1794 amicis
442 1729 638 1813 ducibusque
661 1730 826 1812 copiarum
848 1730 933 1794 inter
956 1730 1066 1814 epulas
1090 1730 1129 1794 de

120 1817 206 1880 bello
235 1817 449 1881 consultabat
494 1815 615 1882 Graues
638 1837 725 1881 mero
754 1839 828 1881 suas
856 1817 940 1882 vires
968 1818 1129 1901 extollere,
1147 1837 1164 1884 a

119 1903 264 1968 hostium
287 1925 372 1968 nunc
395 1905 629 1987 temeritatem,
651 1925 736 1968 nunc
758 1905 956 1987 paucitatem
979 1926 1129 1987 spernere

119 1991 287 2075 incipiunt
330 1991 506 2075 Praecipue
523 1954 667 2093 Bessds,
675 1993 766 2057 ferox
784 1993 890 2057 verbis
910 1996 944 2057 et
960 2001 1053 2076 parto
1072 2014 1130 2075 per
1148 2012 1164 2060 a

120 2081 223 2144 scelus
255 2100 356 2164 regno
384 2072 540 2163 superbus
571 2102 609 2145 ac
635 2081 691 2145 rix
718 2083 833 2163 potens
861 2081 993 2163 mentis,
1024 2081 1129 2146 dicere

120 2168 260 2233 orditur.
284 2166 447 2233 Socordia
465 2168 565 2234 Darei
583 2169 719 2233 crevisse
736 2168 881 2234 hostium
898 2169 1030 2234 famam
1070 2167 1129 2234 Oc·
1148 2188 1166 2235 c

94 2271 96 2275 ’
121 2256 258 2321 currisse
282 2256 369 2320 enim
391 2256 426 2320 in
448 2254 581 2322 Ciliciae
605 2257 843 2341 angustissimis
865 2257 1025 2335 faucibus,
1056 2278 1129 2320 cum

120 2343 348 2409 retrocedendo
366 2348 478 2428 posset
495 2345 668 2428 perducere
686 2345 832 2410 incautos
851 2344 885 2408 in
904 2345 976 2408 loca
994 2347 1129 2407 naturae

121 2432 187 2496 situ
205 2435 287 2517 tuta,
304 2435 357 2497 tot
373 2432 560 2498 fluminibus
579 2432 723 2514 obiectis,
741 2435 793 2496 tot
810 2436 900 2495 mont
901 2432 968 2495 ium
986 2430 1131 2513 latebris,

119 2520 204 2585 iuter
222 2542 302 2604 quas
325 2520 542 2603 deprehensus
563 2519 650 2584 host
625 2523 668 2584 t1s
687 2541 727 2583 ne
741 2519 800 2601 fug
778 2538 838 2582 <rae
855 2518 994 2602 quidem,
1012 2517 1129 2581 nedum

119 2609 290 2673 resistendi
318 2609 521 2673 occasionem
547 2607 645 2672 fuerit
671 2606 765 2670 habit
751 2609 851 2669 turus.
901 2602 972 2669 Sibi
1003 2606 1166 2687 placeres

119 2696 154 2759 in
184 2693 363 2778 Sogdianos
395 2695 555 2778 recedere,
587 2692 692 2759 Oxum
723 2714 852 2756 amnem
883 2692 973 2756 velut
999 2714 1127 2756 murum

120 2781 319 2848 obiecturum
350 2781 451 2865 hosti,
482 2782 559 2847 dum
591 2802 630 2845 ex
660 2780 742 2845 finit'
718 2781 807 2845 timis
837 2780 989 2865 gentibus
1021 2779 1128 2845 valida

121 2869 242 2935 auxilia
268 2873 500 2934 concurrerent
545 2867 707 2934 Venturos
736 2872 844 2933 autem
866 2866 1074 2933 Chorasmios
1098 2871 1166 2944 eto

121 2957 235 3022 Dahas
257 2955 419 3042 Sacasque
442 2961 475 3022 et
496 2955 594 3022 Indos
617 2960 651 3021 et
672 2957 759 3022 ultra
781 2955 905 3021 Tanain
927 2977 1055 3020 amnem
1079 2976 1130 3020 co·

120 3047 223 3111 lentes
247 3044 399 3128 Scythas:
427 3067 565 3130 quorum
585 3045 748 3110 neminem
771 3045 849 3110 adeo
872 3045 1028 3109 humilem
1052 3065 1131 3126 esse,

120 3139 157 3198 ut
174 3135 301 3199 humeri
320 3135 388 3199 eius
406 3155 473 3198 non
491 3136 627 3216 possent
639 3132 824 3198 Macedonis
841 3133 955 3197 militis
975 3131 1130 3196 verticem

120 3221 277 3306 aequarc'.
323 3220 536 3288 Conclamant
562 3221 744 3304 temulenti,
771 3243 870 3286 unam
896 3221 980 3284 hanc
1003 3222 1128 3284 senten
1150 3247 1165 3295 ι

122 3311 202 3373 tiam
217 3310 380 3375 salubrem
394 3331 473 3395 esse,
488 3313 522 3375 et
530 3308 651 3375 Bessus
665 3271 862 3374 circdmferri
874 3328 998 3374 merum
1007 3307 1129 3390 largius

68 3397 225 3483 lbiubet,
248 3361 473 3463 debellaturus
491 3419 588 3480 super
611 3418 756 3461 mensam
775 3395 1005 3461 Alexandrum.
1049 3394 1166 3470 Eratg

119 3507 214 3550 meo
243 3486 390 3552 convivio
414 3483 570 3569 Cobares,
596 3485 728 3550 natione
750 3483 877 3566 Medus,
904 3483 959 3549 sed
986 3483 1131 3564 magicae

119 3574 257 3639 artis-
218 3574 303 3639 -si
325 3575 421 3640 modo
446 3596 499 3640 ars
523 3578 581 3652 est,
602 3595 671 3640 non
691 3572 869 3640 sanissimi
868 3535 1152 3649 candescens&-
