2422 3892
116 125 179 190 136
486 119 518 186 Q.
538 121 648 177 CURTI
665 121 752 176 RUFI

64 291 93 340 ιτ
115 291 163 353 22,
181 290 276 353 quem
291 267 509 349 damnaverat,
527 265 691 330 sustinuit.
724 264 868 330 Secunda
881 264 995 330 deinde
1009 265 1126 350 vigilia

114 357 291 424 luminibus
315 355 464 420 extinctis
488 374 559 418 cum
583 355 694 437 paucis
718 355 753 417 in
774 354 896 438 regiam
920 357 1036 420 coeunt
1058 353 1125 419 He·

113 446 285 530 phaestion
312 447 345 508 et
374 440 525 507 Craterus
555 446 587 506 et
615 438 740 507 Coenus
769 444 801 506 et
823 442 990 527 Erigyius,
1019 441 1055 506 hi
1083 464 1123 507 ex

114 534 242 617 amicis,
268 554 307 597 ex
335 531 503 614 armigeris
531 533 639 595 autem
665 528 834 595 Perdiccas
868 534 900 596 et
928 529 1124 596 Leonnatus.

114 622 176 686 Per
194 620 253 687 hos
273 621 480 703 imperatum,
498 621 548 701 ut,
568 618 622 701 qui
640 619 683 684 od
699 619 898 701 praetorium
912 619 1126 704 excubabant,

64 731 102 787 12Ι
115 710 232 774 armati
250 708 433 791 vigilarent
464 706 535 770 lam
554 706 594 770 ad
613 726 723 771 omnes
743 707 848 772 aditus
867 707 1016 791 dispositi
1030 713 1126 772 erant

114 799 252 882 equites,
274 796 394 861 itinera
412 815 539 878 quoque
558 794 703 858 obsidere
722 795 815 878 iussi,
835 816 876 860 ne
895 795 967 878 quis
986 795 1026 860 ad
1043 794 1123 860 Par·

113 886 310 968 menionem,
328 884 471 967 quitum
489 881 615 946 Mediae
634 884 824 967 magnisque
845 884 946 967 copiis
965 888 1125 966 praeerat,

52 993 95 1042 119
116 973 261 1038 occultus
285 971 442 1036 evaderet.
477 970 650 1035 Atharrias
674 975 782 1035 autem
806 992 878 1036 cum
902 987 966 1037 ccc
988 971 1123 1038 armatis

113 1063 291 1126 intraverat
303 1059 441 1144 regiam:
456 1059 531 1124 huic
549 1059 658 1123 decem
672 1059 831 1124 satellites
845 1059 1029 1144 traduntur,
1045 1081 1123 1143 quo·

65 1169 99 1217 22
117 1172 188 1214 rum
208 1149 355 1232 singulos
380 1147 454 1212 deni
474 1147 624 1230 armigeri
647 1148 872 1231 sequebantur.
910 1146 956 1212 Hi
975 1147 1014 1212 ad
1042 1147 1123 1213 alios

117 1238 300 1303 coniuratos
320 1235 623 1319 conprehendendos
646 1235 812 1300 distributi
831 1240 918 1300 sunt:
950 1234 1123 1301 Atharrias

114 1348 186 1391 oum
218 1325 372 1390 trecentis
404 1323 445 1388 ad
478 1323 639 1387 Philotam
671 1324 789 1388 missus
822 1324 967 1389 clausum
999 1323 1124 1388 aditum

115 1414 227 1479 domus
251 1413 460 1493 moliebatur,
482 1429 504 1473 1.
527 1411 677 1475 iuvenum
700 1412 951 1496 promptissimis
974 1412 1125 1496 stipatus,

114 1523 189 1565 nam
206 1503 330 1565 ceteros
341 1499 469 1582 cingere
482 1498 623 1581 undique
638 1500 768 1564 domum
783 1500 929 1583 iusserat,
943 1521 984 1564 ne
996 1500 1124 1565 occulto

62 1609 94 1656 21
115 1589 204 1653 aditu
219 1587 366 1652 Philotas
384 1589 493 1669 posset
512 1586 607 1650 elabi.
642 1586 739 1651 Illum
755 1587 821 1652 sive
838 1588 1009 1654 securitate
1023 1588 1125 1652 animi

115 1677 181 1742 sive
204 1675 397 1760 fatigatione
426 1674 605 1739 resolutum
628 1697 759 1741 somnus
784 1681 1000 1760 oppresserat:
1029 1697 1125 1760 quem

61 1785 95 1832 22
114 1764 287 1830 Atharrias
303 1766 487 1848 torpentem
501 1763 605 1828 adhue
618 1767 763 1849 occupat.
799 1760 942 1829 Tandem
961 1764 991 1828 ei
1009 1785 1125 1848 sopore

116 1854 261 1918 discusso
281 1873 353 1916 oum
372 1852 566 1916 inicerentur
584 1855 729 1934 catenae,
744 1851 865 1935 ‘Vicit',
883 1852 1002 1936 inquit,
1022 1851 1124 1917 ‘boni-

114 1944 216 2006 tatem
236 1944 340 2022 tuam,
362 1961 431 2022 rex,
454 1940 657 2004 inimicorum
677 1962 820 2005 meorum
839 1939 1020 2006 acerbitas'.
1056 1937 1126 2004 Neo

116 2030 210 2112 plura
233 2029 395 2092 elocutum
418 2027 524 2109 capite
547 2028 654 2091 velato
676 2028 711 2091 in
733 2028 857 2112 regiam
882 2028 1050 2094 adducunt.

62 2137 95 2185 23
203 2112 339 2184 Postero
376 2114 427 2178 die
461 2135 516 2178 rex
553 2115 665 2198 edixit,
701 2138 811 2181 omnes
844 2117 961 2181 armati
993 2116 1126 2182 coirent

115 2222 152 2270 v1
166 2202 256 2267 milia
269 2202 335 2266 fere
350 2202 491 2266 militum
504 2206 670 2286 venerant,
688 2208 856 2287 praeterea
873 2205 969 2270 turba
984 2204 1124 2268 lixarum

64 2313 97 2360 24
117 2292 326 2374 calonumque
359 2290 562 2372 inpleverant
596 2292 729 2374 regiam.
782 2292 935 2357 Philotan
972 2290 1125 2375 armigeri

116 2380 244 2465 agmine
263 2401 320 2444 suo
340 2378 505 2464 tegebant,
530 2400 570 2443 ne
590 2384 664 2447 ante
686 2380 827 2462 conspici
850 2383 960 2464 posset
979 2403 998 2445 2
1016 2379 1124 2463 vulgo,

63 2488 97 2536 22
115 2490 211 2553 quam
230 2489 286 2532 rex
303 2466 471 2531 adlocutus
490 2466 611 2531 milites
630 2472 725 2533 22222.
757 2467 806 2532 De
821 2468 1012 2550 capitalibus
1027 2467 1124 2531 rebus

115 2559 242 2622 vetusto
274 2555 487 2620 Macedonum
523 2554 618 2620 modo
651 2556 836 2639 inquirebat
868 2576 935 2635 rea,
970 2555 1126 2621 iudicabat

117 2645 273 2710 exereitus
300 2681 337 2690 -
363 2645 398 2709 in
427 2665 505 2727 pace
533 2646 603 2708 erat
629 2644 718 2729 vulgi
741 2648 841 2708 -et
866 2643 950 2707 nihil
977 2647 1125 2727 potestas

64 2753 96 2800 22
115 2754 228 2816 regum
251 2733 394 2814 valebat,
417 2731 480 2795 nisi
502 2731 591 2814 prius
614 2731 770 2796 valuisset
793 2732 977 2797 auotoritas.
1020 2731 1127 2814 Igitur

114 2820 235 2903 Dymni
264 2820 404 2900 primum
431 2818 567 2882 cadaver
594 2818 731 2884 infertur
758 2820 935 2903 plerisque,
967 2819 1043 2903 quid
1072 2840 1126 2903 pa-

6 2922 8 2927 ’
115 2910 220 2970 resset
242 2927 343 2989 quove
367 2927 443 2970 casu
467 2907 626 2971 extinctus
651 2911 749 2996 esset,
768 2908 901 2992 ignaris.

543 3062 620 3130 Cur.
644 3064 698 3130 IX.

77 3191 95 3239 ‚1
204 3168 272 3233 lter
291 3167 403 3233 deinde
423 3169 457 3233 in
472 3169 654 3234 contionem
672 3171 819 3252 procedit
835 3171 926 3235 vultu
944 3171 1127 3255 praeferens
1138 3171 1180 3236 32

116 3257 258 3322 dolorem
283 3257 392 3322 animi.
433 3256 621 3323 Amicorum
645 3279 771 3342 quoque
795 3260 959 3324 maestitia
983 3262 1128 3342 expecta-

80 3346 238 3414 ationem
262 3346 348 3410 haud
369 3368 502 3431 parvam
525 3347 571 3412 rei
595 3346 723 3411 fecerat.
764 3345 829 3410 Diu
851 3369 908 3410 rer
932 3348 1071 3413 demisso
1095 3348 1130 3410 in

116 3437 236 3498 terram
250 3434 342 3498 vultu
357 3435 496 3499 attonito
513 3435 718 3518 stupentique
733 3433 847 3498 similis
861 3436 962 3500 stetit.
985 3434 1129 3500 Tandem

116 3527 247 3606 recepto
259 3522 376 3607 animo,
389 3521 528 3599 ‘Paene'‚
541 3523 655 3606 inquit,
671 3521 813 3603 ‘milites
826 3521 996 3588 hominum
1010 3523 1129 3588 scelere
