2422 3892
123 149 186 213 134
494 147 524 216 Q.
545 150 654 205 CURTI
673 150 760 206 RUFI

120 295 234 359 tulisse
253 316 288 358 se
310 294 467 358 adfirmat.
507 293 578 370 Quo
597 296 747 378 propiore
772 295 874 380 gradu
898 297 1058 361 amicitiae
1081 320 1135 363 me

68 402 101 450 33
121 383 298 467 contingis,
324 383 386 447 hoc
413 381 517 447 maius
542 385 592 447 est
615 383 882 455 dissimulationis
906 387 981 449 tuae
1006 385 1135 452 facinus

121 475 154 536 31
186 492 246 556 ego
274 468 429 535 Cebalino
462 471 566 554 magis
598 493 694 556 quam
722 470 871 535 Philotae
901 472 934 536 id
963 475 1135 540 convenire

120 559 235 626 fateor.
270 557 445 623 Faventem
463 557 564 623 habes
582 558 734 642 iudicem,
753 559 794 638 31,
814 560 899 643 quod
918 561 1049 625 admitti
1066 584 1136 627 non

69 667 102 714 33
122 647 277 730 oportuit,
310 646 427 710 saltem
459 647 607 731 purgari·
623 646 752 730 potcst’.
799 647 851 711 Ad
873 647 953 712 haec
984 648 1134 716 Philotas

120 734 206 799 haud
225 755 302 799 sane
322 734 481 818 trepidus,
505 736 532 799 si
551 735 677 799 animus
696 736 789 800 vultu
808 736 1049 813 aestimaretur,
1074 737 1134 803 Ce-

121 824 268 887 balinum
292 821 421 906 quidem
441 823 539 887 scorti
562 844 742 888 sermonem
765 823 806 888 ad
825 844 860 888 33
882 824 1052 909 detulisse,
1076 828 1134 891 sed

121 911 228 993 ipsum
246 914 314 974 tam
331 911 396 974 levi
415 911 540 975 auctori
557 911 640 975 nihil
660 911 833 975 credidisse
850 914 1031 997 respondit,
1051 917 1133 978 veri·

121 1002 204 1082 tum,
227 1020 267 1063 ne
288 999 430 1082 iurgium
448 1000 532 1063 inter
552 1004 729 1064 amatorem
748 1002 780 1064 et
799 1000 960 1066 exoletum
978 1023 1044 1068 non
1063 1004 1133 1068 sine

70 1107 103 1155 34
122 1088 190 1151 risu
204 1087 341 1152 aliorum
354 1087 537 1152 detulisset:
557 1109 629 1152 cum
643 1087 791 1171 Dymnus
806 1091 909 1154 semet
922 1089 1133 1175 interemerit,

122 1176 368 1260 qualiacumque
392 1182 496 1259 erant,
518 1196 585 1241 non
606 1176 707 1241 fuisse
725 1176 897 1242 reticenda
935 1174 1134 1261 Conplexus-

121 1286 183 1348 que
205 1285 315 1349 regem
339 1285 431 1328 orare
456 1265 575 1347 coepit,
597 1268 635 1328 ut
657 1264 865 1348 praeteritam
888 1265 991 1331 vitam
1014 1268 1134 1351 potius,

122 1374 218 1437 quam
231 1353 368 1436 culpam,
382 1352 503 1416 silentii
516 1357 635 1434 tamen,
648 1372 715 1416 non
728 1351 807 1416 facti
820 1352 927 1435 ullius,
941 1355 1133 1421 intueretur.

69 1461 102 1510 33
121 1439 217 1504 Haud
235 1440 331 1504 facile
349 1439 496 1522 dixerim,
515 1438 727 1503 credideritne
742 1439 771 1503 ei
785 1461 849 1525 rex,
868 1462 910 1507 an
929 1443 1028 1508 altius
1047 1444 1132 1508 iram

121 1527 354 1610 suppresserit:
391 1526 556 1590 dexteram
593 1527 817 1593 reconciliatae
854 1531 979 1613 gratiae
1013 1532 1132 1616 pignus

121 1616 241 1680 obtulit
264 1617 297 1678 et
319 1616 539 1699 contemptum
561 1617 666 1701 magis
693 1637 787 1700 quam
812 1617 953 1683 celatum
966 1619 1132 1702 ¹indicium

121 1726 192 1769 esse
214 1703 316 1769 videri
339 1703 401 1767 sibi
423 1702 514 1769 dixit.

527 1862 607 1929 033.
630 1863 719 1928 VIII.

87 1990 100 2038 1
208 1968 376 2034 Advocato
396 1972 467 2033 tum
486 1969 621 2033 oonsilio
641 1970 830 2048 amicorum,
854 1970 904 2034 cui
927 1973 1037 2035 tamen
1054 1971 1130 2036 Phi·
1141 1973 1185 2038 29

120 2056 205 2121 lotas
229 2056 393 2121 adhibitus
415 2077 481 2121 non
506 2059 568 2141 est,
594 2054 828 2122 Nicomachum
849 2057 1010 2124 introduci
1032 2058 1132 2126 iubet.

85 2144 154 2213 313
177 2143 303 2226 eadem,
327 2166 408 2227 quae
431 2143 592 2208 detulerat
611 2145 710 2225 frater
733 2146 773 2210 ad
796 2165 919 2231 regem,
944 2147 1053 2212 ordine
1077 2170 1132 2213 ex·

120 2232 238 2317 posuit.
275 2231 358 2296 Erat
371 2231 524 2298 Craterus
543 2233 613 2317 regi
636 2254 727 2298 carus
750 2235 785 2298 in
807 2236 918 2318 paucis
942 2239 975 2299 et
998 2257 1035 2301 eo
1054 2236 1131 2301 Phi·

85 2342 102 2390 3
120 2321 208 2386 13133
223 2320 264 2387 31
280 2320 529 2385 aemulationem
544 2321 713 2404 dignitatis
730 2322 897 2387 adversus:
915 2344 1020 2409 neque
1037 2324 1131 2408 igno·

120 2411 224 2494 rabat,
243 2431 339 2493 saepe
353 2408 530 2474 Alexandri
548 2409 680 2474 auribus
694 2411 795 2475 nimia
808 2411 984 2476 iactatione
997 2412 1130 2478 virtutis

121 2501 217 2582 31333
227 2520 343 2582 operae
358 2518 490 2583 gravem
503 2496 603 2562 fuisse
615 2501 648 2562 et
661 2499 703 2562 ob
719 2519 756 2563 ea
769 2520 835 2564 non
850 2499 979 2583 quidem
991 2501 1132 2585 sceleris,

84 2607 102 2655 4
121 2587 178 2651 sed
192 2585 412 2652 contumaciae
426 2590 537 2651 tamen
551 2607 621 2651 3333
635 2591 828 2670 suspectum.
855 2585 931 2652 Non
945 2588 1044 2653 aliam
1057 2609 1131 2673 pre·

120 2675 227 2739 mendi
245 2675 369 2740 inimici
384 2676 585 2742 occasionem
602 2675 759 2759 aptiorem
777 2675 919 2740 futuram
936 2679 1038 2761 33133,
1056 2677 1130 2742 odio

120 2785 178 2828 suo
206 2764 338 2845 pietatis
361 2763 546 2846 praeferens
570 2764 721 2848 speciem,
750 2761 916 2849 ‘Utinam',
938 2765 1058 2848 inquit,
1085 2763 1131 2830 ‘in

85 2872 102 2919 3
120 2851 280 2934 principio
300 2872 426 2935 quoque
444 2851 539 2916 huius
554 2851 602 2916 rei
617 2851 786 2917 nobiscum
801 2850 1027 2918 deliberasses!
1051 2851 1129 2918 Sua·

120 2938 286 3019 sissemus,
309 2939 337 3001 si
355 2937 503 3003 Philotae
522 2938 622 3003 velles
641 2940 821 3024 ignoscere,
843 2941 1001 3023 patereris
1019 2942 1129 3025 potius

119 3027 271 3110 ignorare
295 3047 380 3109 eum,
411 3029 566 3110 quantum
590 3027 722 3093 deberet
743 3029 819 3112 tibi,
847 3049 943 3112 quam
965 3030 1131 3113 usquead

119 3115 234 3180 mortis
258 3117 381 3179 metum
409 3114 581 3179 adductum
605 3136 734 3200 cogeres
761 3116 890 3200 saepius
918 3118 958 3182 de
985 3118 1130 3202 periculo

120 3224 192 3285 suo,
211 3225 309 3287 quam
327 3203 366 3267 de
384 3206 441 3268 tuo
461 3203 605 3288 cogitare
622 3204 786 3270 beneficio.
822 3204 880 3270 Ille
899 3207 985 3271 enim
1004 3227 1132 3289 semper

119 3290 266 3355 insidiari
288 3291 351 3356 tibi
378 3293 511 3376 poterit,
539 3296 575 3356 tu
597 3312 663 3357 non
686 3313 811 3376 semper
833 3292 985 3359 Philotae
1007 3295 1129 3378 poteris

85 3400 100 3448 6
119 3379 294 3463 ignoscere.
339 3377 408 3445 Nec
431 3384 493 3464 331,
516 3381 600 3466 quod
624 3381 787 3446 existimes
811 3401 896 3466 eum,
922 3383 978 3467 qui
999 3385 1129 3448 tantum

120 3489 216 3532 ausus
240 3472 303 3552 est,
331 3470 426 3533 venia
452 3491 547 3553 posse
570 3470 698 3533 mutari.
739 3467 808 3534 Scit
831 3490 899 3555 eos,
927 3471 982 3556 qui
1005 3470 1129 3536 miseri·

119 3555 260 3622 cordiam
291 3560 573 3642 consumpserunt,
603 3556 741 3641 amplius
769 3577 897 3642 sperare
929 3579 994 3624 non
1023 3581 1131 3644 posse.
