<?xml version="1.0" encoding="UTF-8"?>
<!DOCTYPE html PUBLIC "-//W3C//DTD XHTML 1.0 Transitional//EN"
    "http://www.w3.org/TR/xhtml1/DTD/xhtml1-transitional.dtd">
<html xmlns="http://www.w3.org/1999/xhtml" xml:lang="en" lang="en">
 <head>
  <title>
</title>
<meta http-equiv="Content-Type" content="text/html;charset=utf-8" />
  <meta name='ocr-system' content='tesseract 3.04.00' />
  <meta name='ocr-capabilities' content='ocr_page ocr_carea ocr_par ocr_line ocrx_word'/>
</head>
<body>
  <div class='ocr_page' id='page_1' title='image "./historiarumalex00rufugoog_0257.png"; bbox 0 0 2422 3892; ppageno 0'>
   <div class='ocr_carea' id='block_1_1' title="bbox 196 146 833 216">
    <p class='ocr_par' dir='ltr' id='par_1_1' title="bbox 196 146 833 216">
     <span class='ocr_line' id='line_1_1' title="bbox 196 146 833 216; baseline -0.003 -14"><span class='ocrx_word' id='word_1_1' title='bbox 196 152 263 216; x_wconf 82' lang='lat'>220</span> <span class='ocrx_word' id='word_1_2' title='bbox 568 148 599 215; x_wconf 83' lang='lat' dir='ltr'>Q.</span> <span class='ocrx_word' id='word_1_3' title='bbox 619 147 728 203; x_wconf 82' lang='lat' dir='ltr'>CURTI</span> <span class='ocrx_word' id='word_1_4' title='bbox 747 146 833 203; x_wconf 81' lang='lat' dir='ltr'>RUFI</span> 
     </span>
    </p>
   </div>
   <div class='ocr_carea' id='block_1_2' title="bbox 197 292 1211 466">
    <p class='ocr_par' dir='ltr' id='par_1_2' title="bbox 197 292 1211 466">
     <span class='ocr_line' id='line_1_2' title="bbox 197 292 1211 376; baseline -0.001 -15"><span class='ocrx_word' id='word_1_5' title='bbox 197 295 308 361; x_wconf 85' lang='lat' dir='ltr'>oculos</span> <span class='ocrx_word' id='word_1_6' title='bbox 326 294 469 360; x_wconf 89' lang='lat' dir='ltr'>hostiurn</span> <span class='ocrx_word' id='word_1_7' title='bbox 489 296 657 376; x_wconf 86' lang='lat' dir='ltr'>averteret,</span> <span class='ocrx_word' id='word_1_8' title='bbox 679 292 899 357; x_wconf 86' lang='lat' dir='ltr'>Ptolemaeum</span> <span class='ocrx_word' id='word_1_9' title='bbox 917 293 1082 359; x_wconf 87' lang='lat' dir='ltr'>omnibus</span> <span class='ocrx_word' id='word_1_10' title='bbox 1102 297 1211 361; x_wconf 74' lang='lat' dir='ltr'>turm:</span> 
     </span>
     <span class='ocr_line' id='line_1_3' title="bbox 197 380 1205 466; baseline -0.002 -18"><span class='ocrx_word' id='word_1_11' title='bbox 197 384 384 466; x_wconf 82' lang='lat' dir='ltr'>obequitare</span> <span class='ocrx_word' id='word_1_12' title='bbox 410 382 506 446; x_wconf 89' lang='lat' dir='ltr'>iussit</span> <span class='ocrx_word' id='word_1_13' title='bbox 532 380 644 465; x_wconf 92' lang='lat' dir='ltr'>procul</span> <span class='ocrx_word' id='word_1_14' title='bbox 666 381 774 444; x_wconf 88' lang='lat' dir='ltr'>insula</span> <span class='ocrx_word' id='word_1_15' title='bbox 800 384 834 445; x_wconf 84' lang='lat' dir='ltr'>et</span> <span class='ocrx_word' id='word_1_16' title='bbox 860 380 999 445; x_wconf 80' lang='lat' dir='ltr'><strong>subinde</strong></span> <span class='ocrx_word' id='word_1_17' title='bbox 1021 380 1136 448; x_wconf 83' lang='lat' dir='ltr'>Indos</span> <span class='ocrx_word' id='word_1_18' title='bbox 1159 384 1205 448; x_wconf 88' lang='lat' dir='ltr'>cla</span> 
     </span>
    </p>
   </div>
   <div class='ocr_carea' id='block_1_3' title="bbox 9 466 1211 553">
    <p class='ocr_par' dir='ltr' id='par_1_3' title="bbox 9 466 1211 553">
     <span class='ocr_line' id='line_1_4' title="bbox 9 466 1211 553; baseline -0.002 -17"><span class='ocrx_word' id='word_1_19' title='bbox 9 466 12 471; x_wconf 72' lang='grc'><strong>’</strong></span> <span class='ocrx_word' id='word_1_20' title='bbox 146 484 178 531; x_wconf 78' lang='grc'>19</span> <span class='ocrx_word' id='word_1_21' title='bbox 197 493 286 536; x_wconf 90' lang='lat' dir='ltr'>more</span> <span class='ocrx_word' id='word_1_22' title='bbox 317 473 452 553; x_wconf 89' lang='lat' dir='ltr'>terrere,</span> <span class='ocrx_word' id='word_1_23' title='bbox 483 469 575 552; x_wconf 83' lang='lat' dir='ltr'><strong>quasi</strong></span> <span class='ocrx_word' id='word_1_24' title='bbox 602 468 720 532; x_wconf 90' lang='lat' dir='ltr'>flumen</span> <span class='ocrx_word' id='word_1_25' title='bbox 749 471 976 533; x_wconf 84' lang='lat' dir='ltr'>transnaturus</span> <span class='ocrx_word' id='word_1_26' title='bbox 1003 468 1111 534; x_wconf 84' lang='lat' dir='ltr'>foret.</span> <span class='ocrx_word' id='word_1_27' title='bbox 1156 469 1211 534; x_wconf 88' lang='lat' dir='ltr'>Pe</span> 
     </span>
    </p>
   </div>
   <div class='ocr_carea' id='block_1_4' title="bbox 144 555 1211 1168">
    <p class='ocr_par' dir='ltr' id='par_1_4' title="bbox 144 555 1211 1168">
     <span class='ocr_line' id='line_1_5' title="bbox 197 555 1196 657; baseline 0 -34"><span class='ocrx_word' id='word_1_28' title='bbox 197 559 368 642; x_wconf 81' lang='lat' dir='ltr'>conplures</span> <span class='ocrx_word' id='word_1_29' title='bbox 391 558 459 621; x_wconf 86' lang='lat' dir='ltr'>dies</span> <span class='ocrx_word' id='word_1_30' title='bbox 482 556 686 620; x_wconf 78' lang='lat' dir='ltr'>Ptolemaeus</span> <span class='ocrx_word' id='word_1_31' title='bbox 708 556 743 657; x_wconf 83' lang='lat' dir='ltr'>id</span> <span class='ocrx_word' id='word_1_32' title='bbox 764 555 967 656; x_wconf 77' lang='lat' dir='ltr'>feciteoque</span> <span class='ocrx_word' id='word_1_33' title='bbox 989 558 1141 623; x_wconf 82' lang='lat' dir='ltr'>consilio</span> <span class='ocrx_word' id='word_1_34' title='bbox 1159 556 1196 622; x_wconf 87' lang='grc' dir='ltr'>Ρι</span> 
     </span>
     <span class='ocr_line' id='line_1_6' title="bbox 144 647 1208 817; baseline 0 -19"><span class='ocrx_word' id='word_1_35' title='bbox 144 747 179 793; x_wconf 76' lang='lat'>‘20</span> <span class='ocrx_word' id='word_1_36' title='bbox 196 665 746 816; x_wconf 47' lang='lat' dir='ltr'>rsrplpulgppguecoapipepdppptrenoeer</span> <span class='ocrx_word' id='word_1_37' title='bbox 770 647 1176 817; x_wconf 50' lang='lat' dir='ltr'>laarlil&#39;exlrudmcolrzpddt·</span> <span class='ocrx_word' id='word_1_38' title='bbox 1192 690 1208 789; x_wconf 32' lang='grc' dir='ltr'>ιι,</span> 
     </span>
     <span class='ocr_line' id='line_1_7' title="bbox 196 818 1207 905; baseline 0 -20"><span class='ocrx_word' id='word_1_39' title='bbox 196 821 302 885; x_wconf 87' lang='lat' dir='ltr'>hostis</span> <span class='ocrx_word' id='word_1_40' title='bbox 324 820 431 885; x_wconf 87' lang='lat' dir='ltr'>insula</span> <span class='ocrx_word' id='word_1_41' title='bbox 454 824 532 883; x_wconf 91' lang='lat' dir='ltr'>erat.</span> <span class='ocrx_word' id='word_1_42' title='bbox 577 819 760 884; x_wconf 83' lang='lat' dir='ltr'>Alexander</span> <span class='ocrx_word' id='word_1_43' title='bbox 781 819 817 882; x_wconf 94' lang='lat' dir='ltr'>in</span> <span class='ocrx_word' id='word_1_44' title='bbox 840 818 966 883; x_wconf 83' lang='lat' dir='ltr'>diversa</span> <span class='ocrx_word' id='word_1_45' title='bbox 993 824 1097 903; x_wconf 85' lang='lat' dir='ltr'>parte</span> <span class='ocrx_word' id='word_1_46' title='bbox 1124 843 1207 905; x_wconf 59' lang='lat' dir='ltr'>rupt-v</span> 
     </span>
     <span class='ocr_line' id='line_1_8' title="bbox 198 907 1201 991; baseline 0.003 -20"><span class='ocrx_word' id='word_1_47' title='bbox 198 909 297 972; x_wconf 87' lang='lat' dir='ltr'>statui</span> <span class='ocrx_word' id='word_1_48' title='bbox 329 929 423 972; x_wconf 88' lang='lat' dir='ltr'>suum</span> <span class='ocrx_word' id='word_1_49' title='bbox 453 908 697 972; x_wconf 88' lang='lat' dir='ltr'>tabernaculum</span> <span class='ocrx_word' id='word_1_50' title='bbox 728 907 824 971; x_wconf 87' lang='lat' dir='ltr'>iussit</span> <span class='ocrx_word' id='word_1_51' title='bbox 850 907 1090 991; x_wconf 61' lang='lat' dir='ltr'>adsuetamwe</span> <span class='ocrx_word' id='word_1_52' title='bbox 1117 909 1201 975; x_wconf 75' lang='lat' dir='ltr'>co&#39;n</span> 
     </span>
     <span class='ocr_line' id='line_1_9' title="bbox 198 994 1211 1078; baseline 0.002 -19"><span class='ocrx_word' id='word_1_53' title='bbox 198 996 262 1059; x_wconf 88' lang='lat' dir='ltr'>tari</span> <span class='ocrx_word' id='word_1_54' title='bbox 293 995 401 1078; x_wconf 90' lang='lat' dir='ltr'>ipsum</span> <span class='ocrx_word' id='word_1_55' title='bbox 428 995 593 1060; x_wconf 89' lang='lat' dir='ltr'>cohortem</span> <span class='ocrx_word' id='word_1_56' title='bbox 622 998 695 1058; x_wconf 89' lang='lat' dir='ltr'>ante</span> <span class='ocrx_word' id='word_1_57' title='bbox 722 994 756 1058; x_wconf 93' lang='lat' dir='ltr'>id</span> <span class='ocrx_word' id='word_1_58' title='bbox 783 994 1028 1059; x_wconf 85' lang='lat' dir='ltr'>tabernaculum</span> <span class='ocrx_word' id='word_1_59' title='bbox 1062 1000 1157 1061; x_wconf 87' lang='lat' dir='ltr'>stare</span> <span class='ocrx_word' id='word_1_60' title='bbox 1182 1018 1211 1060; x_wconf 90' lang='lat' dir='ltr'>e·</span> 
     </span>
     <span class='ocr_line' id='line_1_10' title="bbox 198 1081 1194 1168; baseline 0.002 -20"><span class='ocrx_word' id='word_1_61' title='bbox 198 1104 325 1148; x_wconf 91' lang='lat' dir='ltr'>omnem</span> <span class='ocrx_word' id='word_1_62' title='bbox 349 1087 542 1168; x_wconf 89' lang='lat' dir='ltr'>apparatum</span> <span class='ocrx_word' id='word_1_63' title='bbox 563 1083 672 1166; x_wconf 81' lang='lat' dir='ltr'>regiae</span> <span class='ocrx_word' id='word_1_64' title='bbox 694 1082 952 1165; x_wconf 82' lang='lat' dir='ltr'>magnificentiae</span> <span class='ocrx_word' id='word_1_65' title='bbox 969 1081 1124 1149; x_wconf 89' lang='lat' dir='ltr'>hostium</span> <span class='ocrx_word' id='word_1_66' title='bbox 1143 1105 1194 1150; x_wconf 60' lang='lat' dir='ltr'>oct</span> 
     </span>
    </p>
   </div>
   <div class='ocr_carea' id='block_1_5' title="bbox 6 1170 1203 1261">
    <p class='ocr_par' dir='ltr' id='par_1_5' title="bbox 6 1170 1203 1261">
     <span class='ocr_line' id='line_1_11' title="bbox 6 1170 1203 1261; baseline 0.008 -32"><span class='ocrx_word' id='word_1_67' title='bbox 6 1254 9 1261; x_wconf 33' lang='grc' dir='ltr'>Ι</span> <span class='ocrx_word' id='word_1_68' title='bbox 144 1183 178 1231; x_wconf 84' lang='grc'>21</span> <span class='ocrx_word' id='word_1_69' title='bbox 198 1172 238 1235; x_wconf 89' lang='lat' dir='ltr'>lis</span> <span class='ocrx_word' id='word_1_70' title='bbox 267 1172 305 1235; x_wconf 89' lang='lat' dir='ltr'>de</span> <span class='ocrx_word' id='word_1_71' title='bbox 333 1171 493 1236; x_wconf 91' lang='lat' dir='ltr'>industria</span> <span class='ocrx_word' id='word_1_72' title='bbox 524 1170 660 1235; x_wconf 92' lang='lat' dir='ltr'>ostendi.</span> <span class='ocrx_word' id='word_1_73' title='bbox 714 1170 861 1233; x_wconf 88' lang='lat' dir='ltr'>Attalum</span> <span class='ocrx_word' id='word_1_74' title='bbox 893 1170 1006 1254; x_wconf 87' lang='lat' dir='ltr'>etiam,</span> <span class='ocrx_word' id='word_1_75' title='bbox 1039 1172 1203 1256; x_wconf 61' lang='lat' dir='ltr'>aequalem</span> 
     </span>
    </p>
   </div>
   <div class='ocr_carea' id='block_1_6' title="bbox 143 1256 1203 1696">
    <p class='ocr_par' dir='ltr' id='par_1_6' title="bbox 143 1256 1207 1696">
     <span class='ocr_line' id='line_1_12' title="bbox 197 1256 1203 1345; baseline 0.002 -21"><span class='ocrx_word' id='word_1_76' title='bbox 197 1260 261 1324; x_wconf 90' lang='lat' dir='ltr'>sibi</span> <span class='ocrx_word' id='word_1_77' title='bbox 284 1262 317 1323; x_wconf 88' lang='grc'>22</span> <span class='ocrx_word' id='word_1_78' title='bbox 339 1259 424 1323; x_wconf 89' lang='lat' dir='ltr'>haud</span> <span class='ocrx_word' id='word_1_79' title='bbox 448 1259 609 1340; x_wconf 88' lang='lat' dir='ltr'>disparem</span> <span class='ocrx_word' id='word_1_80' title='bbox 631 1257 746 1321; x_wconf 86' lang='lat' dir='ltr'>habitu</span> <span class='ocrx_word' id='word_1_81' title='bbox 770 1257 836 1322; x_wconf 90' lang='lat' dir='ltr'>oris</span> <span class='ocrx_word' id='word_1_82' title='bbox 858 1260 892 1320; x_wconf 90' lang='lat' dir='ltr'>et</span> <span class='ocrx_word' id='word_1_83' title='bbox 913 1256 1076 1345; x_wconf 84' lang='lat' dir='ltr'>corporis,</span> <span class='ocrx_word' id='word_1_84' title='bbox 1102 1260 1203 1345; x_wconf 87' lang='lat' dir='ltr'>utiqu</span> 
     </span>
     <span class='ocr_line' id='line_1_13' title="bbox 197 1345 1203 1429; baseline -0.001 -17"><span class='ocrx_word' id='word_1_85' title='bbox 197 1369 269 1412; x_wconf 90' lang='lat' dir='ltr'>cum</span> <span class='ocrx_word' id='word_1_86' title='bbox 286 1347 397 1429; x_wconf 92' lang='lat' dir='ltr'>procul</span> <span class='ocrx_word' id='word_1_87' title='bbox 416 1347 586 1427; x_wconf 85' lang='lat' dir='ltr'>viseretur,</span> <span class='ocrx_word' id='word_1_88' title='bbox 608 1348 698 1409; x_wconf 83' lang='lat' dir='ltr'>veste</span> <span class='ocrx_word' id='word_1_89' title='bbox 720 1345 811 1428; x_wconf 82' lang='lat' dir='ltr'>regia</span> <span class='ocrx_word' id='word_1_90' title='bbox 828 1347 963 1409; x_wconf 83' lang='lat' dir='ltr'>exornat</span> <span class='ocrx_word' id='word_1_91' title='bbox 980 1347 1103 1429; x_wconf 88' lang='lat' dir='ltr'>praebi</span> <span class='ocrx_word' id='word_1_92' title='bbox 1169 1376 1174 1403; x_wconf 84' lang='grc' dir='ltr'>ι</span> <span class='ocrx_word' id='word_1_93' title='bbox 1191 1378 1203 1404; x_wconf 95' lang='grc' dir='ltr'>ιι</span> 
     </span>
     <span class='ocr_line' id='line_1_14' title="bbox 198 1432 1202 1521; baseline 0.004 -23"><span class='ocrx_word' id='word_1_94' title='bbox 198 1435 352 1517; x_wconf 90' lang='lat' dir='ltr'>speciem,</span> <span class='ocrx_word' id='word_1_95' title='bbox 378 1435 484 1516; x_wconf 87' lang='lat' dir='ltr'>ipsum</span> <span class='ocrx_word' id='word_1_96' title='bbox 507 1453 617 1515; x_wconf 87' lang='lat' dir='ltr'>regem</span> <span class='ocrx_word' id='word_1_97' title='bbox 640 1432 690 1495; x_wconf 94' lang='lat' dir='ltr'>illi</span> <span class='ocrx_word' id='word_1_98' title='bbox 712 1433 803 1514; x_wconf 89' lang='lat' dir='ltr'>ripae</span> <span class='ocrx_word' id='word_1_99' title='bbox 825 1432 1009 1516; x_wconf 81' lang='lat' dir='ltr'>praesidere</span> <span class='ocrx_word' id='word_1_100' title='bbox 1036 1455 1104 1500; x_wconf 90' lang='lat' dir='ltr'>nec</span> <span class='ocrx_word' id='word_1_101' title='bbox 1128 1437 1202 1521; x_wconf 81' lang='lat' dir='ltr'>cogi</span> 
     </span>
     <span class='ocr_line' id='line_1_15' title="bbox 143 1517 1203 1604; baseline 0.008 -23"><span class='ocrx_word' id='word_1_102' title='bbox 143 1533 178 1581; x_wconf 88' lang='grc'>22</span> <span class='ocrx_word' id='word_1_103' title='bbox 196 1524 267 1584; x_wconf 85' lang='grc'><strong>2222</strong></span> <span class='ocrx_word' id='word_1_104' title='bbox 281 1521 320 1584; x_wconf 84' lang='grc'>(12</span> <span class='ocrx_word' id='word_1_105' title='bbox 333 1521 483 1584; x_wconf 89' lang='lat' dir='ltr'>transitu.</span> <span class='ocrx_word' id='word_1_106' title='bbox 519 1517 624 1583; x_wconf 91' lang='lat' dir='ltr'>Huius</span> <span class='ocrx_word' id='word_1_107' title='bbox 643 1520 770 1583; x_wconf 89' lang='lat' dir='ltr'>consilii</span> <span class='ocrx_word' id='word_1_108' title='bbox 789 1520 935 1584; x_wconf 86' lang='lat' dir='ltr'>effectum</span> <span class='ocrx_word' id='word_1_109' title='bbox 952 1521 1064 1604; x_wconf 90' lang='lat' dir='ltr'>primo</span> <span class='ocrx_word' id='word_1_110' title='bbox 1083 1545 1182 1589; x_wconf 88' lang='lat' dir='ltr'>mora</span> <span class='ocrx_word' id='word_1_111' title='bbox 1200 1554 1203 1578; x_wconf 64' lang='grc' dir='ltr'>ι</span> 
     </span>
     <span class='ocr_line' id='line_1_16' title="bbox 196 1607 1203 1696; baseline 0.004 -23"><span class='ocrx_word' id='word_1_112' title='bbox 196 1610 373 1691; x_wconf 86' lang='lat' dir='ltr'>tempestas</span> <span class='ocrx_word' id='word_1_113' title='bbox 406 1611 469 1691; x_wconf 88' lang='lat' dir='ltr'>est,</span> <span class='ocrx_word' id='word_1_114' title='bbox 499 1628 575 1672; x_wconf 85' lang='lat' dir='ltr'>mox</span> <span class='ocrx_word' id='word_1_115' title='bbox 606 1607 742 1690; x_wconf 87' lang='lat' dir='ltr'>adiuvit,</span> <span class='ocrx_word' id='word_1_116' title='bbox 772 1607 974 1672; x_wconf 90' lang='lat' dir='ltr'>incommoda</span> <span class='ocrx_word' id='word_1_117' title='bbox 1004 1630 1144 1696; x_wconf 86' lang='lat' dir='ltr'>quoque</span> <span class='ocrx_word' id='word_1_118' title='bbox 1180 1642 1203 1667; x_wconf 67' lang='grc' dir='ltr'>τι</span> 
     </span>
    </p>
   </div>
   <div class='ocr_carea' id='block_1_7' title="bbox 1 1684 1203 1766">
    <p class='ocr_par' dir='ltr' id='par_1_7' title="bbox 1 1684 1203 1766">
     <span class='ocr_line' id='line_1_17' title="bbox 1 1684 1203 1766; baseline 0.009 -11"><span class='ocrx_word' id='word_1_119' title='bbox 1 1684 8 1755; x_wconf 68' lang='grc'>’“.</span> <span class='ocrx_word' id='word_1_120' title='bbox 143 1708 177 1757; x_wconf 85' lang='grc'>23</span> <span class='ocrx_word' id='word_1_121' title='bbox 196 1696 299 1762; x_wconf 78' lang='lat' dir='ltr'>bonor</span> <span class='ocrx_word' id='word_1_122' title='bbox 319 1699 450 1761; x_wconf 84' lang='lat' dir='ltr'>eventus</span> <span class='ocrx_word' id='word_1_123' title='bbox 472 1697 619 1760; x_wconf 86' lang='lat' dir='ltr'>vertente</span> <span class='ocrx_word' id='word_1_124' title='bbox 637 1693 776 1760; x_wconf 84' lang='lat' dir='ltr'>fortuna.</span> <span class='ocrx_word' id='word_1_125' title='bbox 813 1695 961 1761; x_wconf 83' lang='lat' dir='ltr'>Traicere</span> <span class='ocrx_word' id='word_1_126' title='bbox 979 1718 1116 1764; x_wconf 85' lang='lat' dir='ltr'>amnem</span> <span class='ocrx_word' id='word_1_127' title='bbox 1140 1722 1173 1766; x_wconf 87' lang='lat' dir='ltr'>c·</span> <span class='ocrx_word' id='word_1_128' title='bbox 1191 1730 1203 1755; x_wconf 91' lang='grc' dir='ltr'>ιι</span> 
     </span>
    </p>
   </div>
   <div class='ocr_carea' id='block_1_8' title="bbox 2 1783 1210 2571">
    <p class='ocr_par' dir='ltr' id='par_1_8' title="bbox 2 1783 1210 2571">
     <span class='ocr_line' id='line_1_18' title="bbox 196 1783 1204 1868; baseline -0.006 -18"><span class='ocrx_word' id='word_1_129' title='bbox 196 1786 311 1850; x_wconf 88' lang='lat' dir='ltr'>ceteris</span> <span class='ocrx_word' id='word_1_130' title='bbox 333 1785 434 1868; x_wconf 87' lang='lat' dir='ltr'>copiis</span> <span class='ocrx_word' id='word_1_131' title='bbox 453 1784 488 1848; x_wconf 94' lang='lat' dir='ltr'>in</span> <span class='ocrx_word' id='word_1_132' title='bbox 504 1784 671 1868; x_wconf 85' lang='lat' dir='ltr'>regionem</span> <span class='ocrx_word' id='word_1_133' title='bbox 689 1783 826 1867; x_wconf 88' lang='lat' dir='ltr'>insulae,</span> <span class='ocrx_word' id='word_1_134' title='bbox 848 1784 888 1849; x_wconf 91' lang='lat' dir='ltr'>de</span> <span class='ocrx_word' id='word_1_135' title='bbox 906 1805 970 1867; x_wconf 89' lang='lat' dir='ltr'>qua</span> <span class='ocrx_word' id='word_1_136' title='bbox 987 1787 1066 1849; x_wconf 88' lang='lat' dir='ltr'>ante</span> <span class='ocrx_word' id='word_1_137' title='bbox 1086 1787 1143 1853; x_wconf 82' lang='lat' dir='ltr'>dic</span> <span class='ocrx_word' id='word_1_138' title='bbox 1168 1818 1204 1844; x_wconf 66' lang='grc' dir='ltr'>ιη</span> 
     </span>
     <span class='ocr_line' id='line_1_19' title="bbox 196 1870 1205 1956; baseline 0.005 -20"><span class='ocrx_word' id='word_1_139' title='bbox 196 1877 259 1956; x_wconf 83' lang='grc'><strong>222,</strong></span> <span class='ocrx_word' id='word_1_140' title='bbox 282 1873 432 1956; x_wconf 86' lang='lat' dir='ltr'>parabat,</span> <span class='ocrx_word' id='word_1_141' title='bbox 454 1893 566 1936; x_wconf 88' lang='lat' dir='ltr'>averso</span> <span class='ocrx_word' id='word_1_142' title='bbox 590 1872 685 1936; x_wconf 87' lang='lat' dir='ltr'>hoste</span> <span class='ocrx_word' id='word_1_143' title='bbox 703 1872 737 1936; x_wconf 90' lang='lat' dir='ltr'>in</span> <span class='ocrx_word' id='word_1_144' title='bbox 759 1892 824 1955; x_wconf 88' lang='lat' dir='ltr'>eos,</span> <span class='ocrx_word' id='word_1_145' title='bbox 847 1872 902 1956; x_wconf 92' lang='lat' dir='ltr'>qui</span> <span class='ocrx_word' id='word_1_146' title='bbox 924 1893 997 1937; x_wconf 92' lang='lat' dir='ltr'>cum</span> <span class='ocrx_word' id='word_1_147' title='bbox 1014 1870 1166 1940; x_wconf 90' lang='lat' dir='ltr'>Ptolem</span> <span class='ocrx_word' id='word_1_148' title='bbox 1183 1906 1205 1934; x_wconf 72' lang='grc' dir='ltr'>ιι</span> 
     </span>
     <span class='ocr_line' id='line_1_20' title="bbox 195 1959 1205 2043; baseline 0.007 -20"><span class='ocrx_word' id='word_1_149' title='bbox 195 1960 381 2024; x_wconf 86' lang='lat' dir='ltr'>inferiorern</span> <span class='ocrx_word' id='word_1_150' title='bbox 413 1959 605 2023; x_wconf 88' lang='lat' dir='ltr'>obsederant</span> <span class='ocrx_word' id='word_1_151' title='bbox 635 1961 753 2043; x_wconf 90' lang='lat' dir='ltr'>ripam,</span> <span class='ocrx_word' id='word_1_152' title='bbox 787 1980 860 2024; x_wconf 91' lang='lat' dir='ltr'>cum</span> <span class='ocrx_word' id='word_1_153' title='bbox 890 1959 1035 2043; x_wconf 87' lang='lat' dir='ltr'>procella</span> <span class='ocrx_word' id='word_1_154' title='bbox 1067 1962 1205 2030; x_wconf 76' lang='lat' dir='ltr'>imbro</span> 
     </span>
     <span class='ocr_line' id='line_1_21' title="bbox 196 2046 1207 2132; baseline -0.001 -22"><span class='ocrx_word' id='word_1_155' title='bbox 196 2047 251 2111; x_wconf 85' lang='lat' dir='ltr'>vix</span> <span class='ocrx_word' id='word_1_156' title='bbox 274 2048 333 2110; x_wconf 89' lang='lat' dir='ltr'>sub</span> <span class='ocrx_word' id='word_1_157' title='bbox 356 2047 451 2110; x_wconf 91' lang='lat' dir='ltr'>tectis</span> <span class='ocrx_word' id='word_1_158' title='bbox 475 2046 680 2111; x_wconf 84' lang='lat' dir='ltr'>tolerabilem</span> <span class='ocrx_word' id='word_1_159' title='bbox 706 2048 854 2113; x_wconf 87' lang='lat' dir='ltr'>effundit:</span> <span class='ocrx_word' id='word_1_160' title='bbox 882 2047 1054 2132; x_wconf 85' lang='lat' dir='ltr'>obrutiquc</span> <span class='ocrx_word' id='word_1_161' title='bbox 1084 2052 1207 2119; x_wconf 73' lang='lat' dir='ltr'>milito</span> 
     </span>
     <span class='ocr_line' id='line_1_22' title="bbox 195 2130 1199 2222; baseline 0.009 -24"><span class='ocrx_word' id='word_1_162' title='bbox 195 2132 305 2199; x_wconf 92' lang='lat' dir='ltr'>nimbo</span> <span class='ocrx_word' id='word_1_163' title='bbox 334 2135 369 2197; x_wconf 95' lang='lat' dir='ltr'>in</span> <span class='ocrx_word' id='word_1_164' title='bbox 400 2136 520 2197; x_wconf 88' lang='lat' dir='ltr'>terram</span> <span class='ocrx_word' id='word_1_165' title='bbox 549 2130 736 2218; x_wconf 83' lang='lat' dir='ltr'>refugerunt</span> <span class='ocrx_word' id='word_1_166' title='bbox 766 2135 906 2220; x_wconf 83' lang='lat' dir='ltr'>navigiis</span> <span class='ocrx_word' id='word_1_167' title='bbox 937 2136 1133 2222; x_wconf 85' lang='lat' dir='ltr'>ratibusque</span> <span class='ocrx_word' id='word_1_168' title='bbox 1162 2142 1199 2206; x_wconf 68' lang='lat' dir='ltr'>d:</span> 
     </span>
     <span class='ocr_line' id='line_1_23' title="bbox 2 2219 1207 2309; baseline 0.008 -24"><span class='ocrx_word' id='word_1_169' title='bbox 2 2274 4 2307; x_wconf 92' lang='lat'>:</span> <span class='ocrx_word' id='word_1_170' title='bbox 196 2221 301 2285; x_wconf 86' lang='lat' dir='ltr'>sertis.</span> <span class='ocrx_word' id='word_1_171' title='bbox 360 2219 422 2286; x_wconf 83' lang='lat' dir='ltr'>Sed</span> <span class='ocrx_word' id='word_1_172' title='bbox 457 2221 725 2287; x_wconf 86' lang='lat' dir='ltr'>tumultuantium</span> <span class='ocrx_word' id='word_1_173' title='bbox 759 2223 909 2289; x_wconf 82' lang='lat' dir='ltr'>fremitus</span> <span class='ocrx_word' id='word_1_174' title='bbox 941 2223 1207 2309; x_wconf 86' lang='lat' dir='ltr'>obstrepentib</span> 
     </span>
     <span class='ocr_line' id='line_1_24' title="bbox 141 2309 1206 2394; baseline 0.012 -23.487"><span class='ocrx_word' id='word_1_175' title='bbox 141 2320 178 2371; x_wconf 86' lang='grc'>24</span> <span class='ocrx_word' id='word_1_176' title='bbox 194 2309 300 2374; x_wconf 87' lang='lat' dir='ltr'>ventis</span> <span class='ocrx_word' id='word_1_177' title='bbox 324 2310 365 2374; x_wconf 88' lang='lat' dir='ltr'>ab</span> <span class='ocrx_word' id='word_1_178' title='bbox 387 2309 482 2374; x_wconf 87' lang='lat' dir='ltr'>hoste</span> <span class='ocrx_word' id='word_1_179' title='bbox 504 2331 571 2375; x_wconf 92' lang='lat' dir='ltr'>non</span> <span class='ocrx_word' id='word_1_180' title='bbox 587 2315 716 2394; x_wconf 88' lang='lat' dir='ltr'>poterat</span> <span class='ocrx_word' id='word_1_181' title='bbox 734 2311 847 2376; x_wconf 88' lang='lat' dir='ltr'>audiri.</span> <span class='ocrx_word' id='word_1_182' title='bbox 890 2311 1014 2377; x_wconf 87' lang='lat' dir='ltr'>Deinde</span> <span class='ocrx_word' id='word_1_183' title='bbox 1036 2334 1179 2383; x_wconf 91' lang='lat' dir='ltr'>momen</span> <span class='ocrx_word' id='word_1_184' title='bbox 1201 2347 1206 2374; x_wconf 86' lang='lat'><strong>·</strong></span> 
     </span>
     <span class='ocr_line' id='line_1_25' title="bbox 15 2399 1210 2487; baseline -0.003 -25"><span class='ocrx_word' id='word_1_185' title='bbox 15 2420 18 2431; x_wconf 93' lang='lat'>·</span> <span class='ocrx_word' id='word_1_186' title='bbox 194 2399 349 2482; x_wconf 90' lang='lat' dir='ltr'>temporis</span> <span class='ocrx_word' id='word_1_187' title='bbox 381 2419 546 2482; x_wconf 84' lang='lat' dir='ltr'>repressus</span> <span class='ocrx_word' id='word_1_188' title='bbox 574 2401 624 2464; x_wconf 88' lang='lat' dir='ltr'>est</span> <span class='ocrx_word' id='word_1_189' title='bbox 649 2399 766 2483; x_wconf 88' lang='lat' dir='ltr'>imber,</span> <span class='ocrx_word' id='word_1_190' title='bbox 797 2402 939 2464; x_wconf 88' lang='lat' dir='ltr'>ceterum</span> <span class='ocrx_word' id='word_1_191' title='bbox 966 2400 1047 2465; x_wconf 89' lang='lat' dir='ltr'>adeo</span> <span class='ocrx_word' id='word_1_192' title='bbox 1079 2405 1210 2487; x_wconf 86' lang='lat' dir='ltr'>spiss</span> 
     </span>
     <span class='ocr_line' id='line_1_26' title="bbox 194 2486 1199 2571; baseline 0.01 -22"><span class='ocrx_word' id='word_1_193' title='bbox 194 2486 360 2551; x_wconf 90' lang='lat' dir='ltr'>intendere</span> <span class='ocrx_word' id='word_1_194' title='bbox 382 2508 416 2551; x_wconf 89' lang='lat' dir='ltr'>se</span> <span class='ocrx_word' id='word_1_195' title='bbox 438 2487 554 2564; x_wconf 88' lang='lat' dir='ltr'>nubes,</span> <span class='ocrx_word' id='word_1_196' title='bbox 576 2490 613 2552; x_wconf 91' lang='lat' dir='ltr'>ut</span> <span class='ocrx_word' id='word_1_197' title='bbox 635 2487 809 2551; x_wconf 90' lang='lat' dir='ltr'>conderent</span> <span class='ocrx_word' id='word_1_198' title='bbox 829 2487 934 2553; x_wconf 91' lang='lat' dir='ltr'>lucem</span> <span class='ocrx_word' id='word_1_199' title='bbox 955 2488 1073 2571; x_wconf 83' lang='lat' dir='ltr'>vixque</span> <span class='ocrx_word' id='word_1_200' title='bbox 1097 2495 1199 2558; x_wconf 90' lang='lat' dir='ltr'>conlo</span> 
     </span>
    </p>
   </div>
   <div class='ocr_carea' id='block_1_9' title="bbox 1 2558 1208 2659">
    <p class='ocr_par' dir='ltr' id='par_1_9' title="bbox 1 2558 1211 2659">
     <span class='ocr_line' id='line_1_27' title="bbox 1 2558 1208 2659; baseline 0.006 -25"><span class='ocrx_word' id='word_1_201' title='bbox 1 2558 12 2611; x_wconf 75' lang='lat'>,3</span> <span class='ocrx_word' id='word_1_202' title='bbox 140 2583 176 2635; x_wconf 83' lang='grc'>25</span> <span class='ocrx_word' id='word_1_203' title='bbox 195 2575 360 2657; x_wconf 88' lang='lat' dir='ltr'>quentium</span> <span class='ocrx_word' id='word_1_204' title='bbox 388 2575 474 2639; x_wconf 90' lang='lat' dir='ltr'>inter</span> <span class='ocrx_word' id='word_1_205' title='bbox 497 2575 585 2659; x_wconf 92' lang='lat' dir='ltr'>ipsos</span> <span class='ocrx_word' id='word_1_206' title='bbox 606 2575 707 2639; x_wconf 87' lang='lat' dir='ltr'>facies</span> <span class='ocrx_word' id='word_1_207' title='bbox 729 2575 974 2640; x_wconf 88' lang='lat' dir='ltr'>noscitarentur.</span> <span class='ocrx_word' id='word_1_208' title='bbox 1019 2575 1208 2647; x_wconf 73' lang='lat' dir='ltr'>Toni-nisse</span> 
     </span>
    </p>
   </div>
   <div class='ocr_carea' id='block_1_10' title="bbox 193 2662 1206 3012">
    <p class='ocr_par' dir='ltr' id='par_1_10' title="bbox 193 2662 1207 3012">
     <span class='ocr_line' id='line_1_28' title="bbox 195 2662 1201 2752; baseline 0.007 -26"><span class='ocrx_word' id='word_1_209' title='bbox 195 2663 294 2726; x_wconf 90' lang='lat' dir='ltr'>alium</span> <span class='ocrx_word' id='word_1_210' title='bbox 317 2662 455 2727; x_wconf 90' lang='lat' dir='ltr'>obducta</span> <span class='ocrx_word' id='word_1_211' title='bbox 477 2685 541 2727; x_wconf 88' lang='lat' dir='ltr'>nox</span> <span class='ocrx_word' id='word_1_212' title='bbox 564 2664 666 2746; x_wconf 91' lang='lat' dir='ltr'>caelo,</span> <span class='ocrx_word' id='word_1_213' title='bbox 693 2684 765 2727; x_wconf 90' lang='lat' dir='ltr'>cum</span> <span class='ocrx_word' id='word_1_214' title='bbox 792 2663 904 2747; x_wconf 83' lang='lat' dir='ltr'>ignoto</span> <span class='ocrx_word' id='word_1_215' title='bbox 928 2684 1022 2729; x_wconf 87' lang='lat' dir='ltr'>amne</span> <span class='ocrx_word' id='word_1_216' title='bbox 1043 2668 1201 2752; x_wconf 80' lang='lat' dir='ltr'>navigan</span> 
     </span>
     <span class='ocr_line' id='line_1_29' title="bbox 193 2750 1204 2840; baseline 0.002 -27"><span class='ocrx_word' id='word_1_217' title='bbox 193 2750 270 2814; x_wconf 89' lang='lat' dir='ltr'>dum</span> <span class='ocrx_word' id='word_1_218' title='bbox 302 2752 398 2829; x_wconf 86' lang='lat' dir='ltr'>esset,</span> <span class='ocrx_word' id='word_1_219' title='bbox 429 2750 567 2814; x_wconf 85' lang='lat' dir='ltr'>forsitan</span> <span class='ocrx_word' id='word_1_220' title='bbox 594 2750 689 2815; x_wconf 87' lang='lat' dir='ltr'>hoste</span> <span class='ocrx_word' id='word_1_221' title='bbox 716 2773 788 2815; x_wconf 89' lang='lat' dir='ltr'>eam</span> <span class='ocrx_word' id='word_1_222' title='bbox 818 2751 921 2834; x_wconf 90' lang='lat' dir='ltr'>ipsam</span> <span class='ocrx_word' id='word_1_223' title='bbox 953 2752 1073 2835; x_wconf 89' lang='lat' dir='ltr'>ripam,</span> <span class='ocrx_word' id='word_1_224' title='bbox 1108 2776 1147 2840; x_wconf 72' lang='lat' dir='ltr'>q.</span> <span class='ocrx_word' id='word_1_225' title='bbox 1163 2787 1204 2815; x_wconf 61' lang='lat'>2..</span> 
     </span>
     <span class='ocr_line' id='line_1_30' title="bbox 194 2836 1201 2928; baseline 0.005 -28"><span class='ocrx_word' id='word_1_226' title='bbox 194 2836 280 2900; x_wconf 87' lang='lat' dir='ltr'>caeci</span> <span class='ocrx_word' id='word_1_227' title='bbox 308 2840 403 2921; x_wconf 87' lang='lat' dir='ltr'>atque</span> <span class='ocrx_word' id='word_1_228' title='bbox 431 2837 593 2920; x_wconf 81' lang='lat' dir='ltr'>inprovidi</span> <span class='ocrx_word' id='word_1_229' title='bbox 616 2839 770 2920; x_wconf 77' lang='lat' dir='ltr'>petebant,</span> <span class='ocrx_word' id='word_1_230' title='bbox 798 2843 920 2904; x_wconf 75' lang='lat' dir='ltr'>tecente</span> <span class='ocrx_word' id='word_1_231' title='bbox 968 2839 1017 2903; x_wconf 86' lang='lat' dir='ltr'>At</span> <span class='ocrx_word' id='word_1_232' title='bbox 1038 2860 1099 2907; x_wconf 82' lang='lat' dir='ltr'>rex</span> <span class='ocrx_word' id='word_1_233' title='bbox 1122 2846 1201 2928; x_wconf 80' lang='lat' dir='ltr'>pori</span> 
     </span>
     <span class='ocr_line' id='line_1_31' title="bbox 194 2924 1206 3012; baseline 0.011 -24"><span class='ocrx_word' id='word_1_234' title='bbox 194 2944 266 2988; x_wconf 85' lang='lat' dir='ltr'>curo</span> <span class='ocrx_word' id='word_1_235' title='bbox 290 2924 429 3006; x_wconf 82' lang='lat' dir='ltr'>gloriam</span> <span class='ocrx_word' id='word_1_236' title='bbox 452 2945 618 2989; x_wconf 89' lang='lat' dir='ltr'>accersens</span> <span class='ocrx_word' id='word_1_237' title='bbox 642 2929 674 2990; x_wconf 89' lang='grc'>22</span> <span class='ocrx_word' id='word_1_238' title='bbox 697 2926 942 3010; x_wconf 86' lang='lat' dir='ltr'>obscuritatem,</span> <span class='ocrx_word' id='word_1_239' title='bbox 972 2949 1053 3012; x_wconf 89' lang='lat' dir='ltr'>quae</span> <span class='ocrx_word' id='word_1_240' title='bbox 1077 2936 1206 2999; x_wconf 87' lang='lat' dir='ltr'>cetero</span> 
     </span>
    </p>
   </div>
   <div class='ocr_carea' id='block_1_11' title="bbox 9 3011 1206 3100">
    <p class='ocr_par' dir='ltr' id='par_1_11' title="bbox 9 3011 1206 3100">
     <span class='ocr_line' id='line_1_32' title="bbox 9 3011 1206 3100; baseline 0.008 -31"><span class='ocrx_word' id='word_1_241' title='bbox 9 3064 12 3069; x_wconf 92' lang='lat'>.</span> <span class='ocrx_word' id='word_1_242' title='bbox 139 3021 175 3075; x_wconf 79' lang='grc'>26</span> <span class='ocrx_word' id='word_1_243' title='bbox 194 3011 351 3090; x_wconf 84' lang='lat' dir='ltr'>terrebat,</span> <span class='ocrx_word' id='word_1_244' title='bbox 374 3033 466 3075; x_wconf 88' lang='lat' dir='ltr'>suam</span> <span class='ocrx_word' id='word_1_245' title='bbox 484 3012 685 3077; x_wconf 83' lang='lat' dir='ltr'>occasionem</span> <span class='ocrx_word' id='word_1_246' title='bbox 703 3017 793 3078; x_wconf 86' lang='lat' dir='ltr'>ratus</span> <span class='ocrx_word' id='word_1_247' title='bbox 812 3014 887 3080; x_wconf 90' lang='lat' dir='ltr'>dato</span> <span class='ocrx_word' id='word_1_248' title='bbox 906 3015 1014 3100; x_wconf 84' lang='lat' dir='ltr'>signo,</span> <span class='ocrx_word' id='word_1_249' title='bbox 1032 3018 1070 3080; x_wconf 89' lang='lat' dir='ltr'>ut</span> <span class='ocrx_word' id='word_1_250' title='bbox 1091 3039 1206 3087; x_wconf 46' lang='grc' dir='ltr'>οη</span> 
     </span>
    </p>
   </div>
   <div class='ocr_carea' id='block_1_12' title="bbox 194 3099 1189 3187">
    <p class='ocr_par' dir='ltr' id='par_1_12' title="bbox 194 3099 1189 3187">
     <span class='ocr_line' id='line_1_33' title="bbox 194 3099 1189 3187; baseline 0.009 -24"><span class='ocrx_word' id='word_1_251' title='bbox 194 3099 322 3164; x_wconf 86' lang='lat' dir='ltr'>silentio</span> <span class='ocrx_word' id='word_1_252' title='bbox 346 3100 554 3164; x_wconf 87' lang='lat' dir='ltr'>ascenderent</span> <span class='ocrx_word' id='word_1_253' title='bbox 576 3100 611 3164; x_wconf 92' lang='lat' dir='ltr'>in</span> <span class='ocrx_word' id='word_1_254' title='bbox 633 3105 734 3186; x_wconf 89' lang='lat' dir='ltr'>rates,</span> <span class='ocrx_word' id='word_1_255' title='bbox 762 3123 847 3186; x_wconf 90' lang='lat' dir='ltr'>eam,</span> <span class='ocrx_word' id='word_1_256' title='bbox 875 3124 939 3186; x_wconf 88' lang='lat' dir='ltr'>qua</span> <span class='ocrx_word' id='word_1_257' title='bbox 965 3103 1036 3187; x_wconf 85' lang='lat' dir='ltr'>ipse</span> <span class='ocrx_word' id='word_1_258' title='bbox 1063 3106 1189 3173; x_wconf 86' lang='lat' dir='ltr'>veheb</span> 
     </span>
    </p>
   </div>
   <div class='ocr_carea' id='block_1_13' title="bbox 16 3187 1207 3275">
    <p class='ocr_par' dir='ltr' id='par_1_13' title="bbox 16 3187 1207 3275">
     <span class='ocr_line' id='line_1_34' title="bbox 16 3187 1207 3275; baseline 0.004 -26"><span class='ocrx_word' id='word_1_259' title='bbox 16 3270 19 3275; x_wconf 27' lang='grc' dir='ltr'>Ι</span> <span class='ocrx_word' id='word_1_260' title='bbox 139 3198 174 3250; x_wconf 79' lang='grc'>27</span> <span class='ocrx_word' id='word_1_261' title='bbox 192 3191 261 3269; x_wconf 90' lang='lat' dir='ltr'>tur,</span> <span class='ocrx_word' id='word_1_262' title='bbox 286 3188 425 3272; x_wconf 89' lang='lat' dir='ltr'>primam</span> <span class='ocrx_word' id='word_1_263' title='bbox 453 3187 550 3251; x_wconf 81' lang='lat' dir='ltr'>iussit</span> <span class='ocrx_word' id='word_1_264' title='bbox 576 3189 704 3272; x_wconf 86' lang='lat' dir='ltr'>expelli.</span> <span class='ocrx_word' id='word_1_265' title='bbox 748 3188 861 3255; x_wconf 88' lang='lat' dir='ltr'>Vacua</span> <span class='ocrx_word' id='word_1_266' title='bbox 888 3193 958 3254; x_wconf 84' lang='lat' dir='ltr'>erat</span> <span class='ocrx_word' id='word_1_267' title='bbox 984 3191 1024 3255; x_wconf 92' lang='lat' dir='ltr'>ab</span> <span class='ocrx_word' id='word_1_268' title='bbox 1051 3190 1170 3263; x_wconf 88' lang='lat' dir='ltr'>hostib</span> <span class='ocrx_word' id='word_1_269' title='bbox 1202 3228 1207 3254; x_wconf 83' lang='grc'>;</span> 
     </span>
    </p>
   </div>
   <div class='ocr_carea' id='block_1_14' title="bbox 178 3275 1211 3609">
    <p class='ocr_par' dir='ltr' id='par_1_14' title="bbox 178 3275 1211 3609">
     <span class='ocr_line' id='line_1_35' title="bbox 192 3275 1211 3361; baseline 0.004 -23"><span class='ocrx_word' id='word_1_270' title='bbox 192 3276 277 3358; x_wconf 90' lang='lat' dir='ltr'>ripa,</span> <span class='ocrx_word' id='word_1_271' title='bbox 300 3297 380 3359; x_wconf 90' lang='lat' dir='ltr'>quae</span> <span class='ocrx_word' id='word_1_272' title='bbox 397 3275 579 3359; x_wconf 90' lang='lat' dir='ltr'>petebatur,</span> <span class='ocrx_word' id='word_1_273' title='bbox 598 3277 716 3361; x_wconf 90' lang='lat' dir='ltr'>quippe</span> <span class='ocrx_word' id='word_1_274' title='bbox 734 3276 839 3342; x_wconf 86' lang='lat' dir='ltr'>adhue</span> <span class='ocrx_word' id='word_1_275' title='bbox 856 3277 958 3342; x_wconf 90' lang='lat' dir='ltr'>Porus</span> <span class='ocrx_word' id='word_1_276' title='bbox 976 3277 1167 3349; x_wconf 85' lang='lat' dir='ltr'>Ptolemae</span> <span class='ocrx_word' id='word_1_277' title='bbox 1187 3318 1211 3343; x_wconf 71' lang='grc'>..,</span> 
     </span>
     <span class='ocr_line' id='line_1_36' title="bbox 192 3363 1206 3450; baseline 0.014 -25"><span class='ocrx_word' id='word_1_278' title='bbox 192 3366 320 3426; x_wconf 85' lang='lat' dir='ltr'>tantum</span> <span class='ocrx_word' id='word_1_279' title='bbox 333 3364 528 3429; x_wconf 88' lang='lat' dir='ltr'>intuebatur.</span> <span class='ocrx_word' id='word_1_280' title='bbox 568 3363 643 3429; x_wconf 89' lang='lat' dir='ltr'>Una</span> <span class='ocrx_word' id='word_1_281' title='bbox 656 3384 733 3448; x_wconf 82' lang='lat' dir='ltr'>ergo</span> <span class='ocrx_word' id='word_1_282' title='bbox 747 3365 832 3448; x_wconf 87' lang='lat' dir='ltr'>navi,</span> <span class='ocrx_word' id='word_1_283' title='bbox 847 3387 944 3450; x_wconf 89' lang='lat' dir='ltr'>quam</span> <span class='ocrx_word' id='word_1_284' title='bbox 957 3368 1069 3448; x_wconf 82' lang='lat' dir='ltr'>petros</span> <span class='ocrx_word' id='word_1_285' title='bbox 1081 3368 1186 3439; x_wconf 88' lang='lat' dir='ltr'>fluct</span> <span class='ocrx_word' id='word_1_286' title='bbox 1201 3405 1206 3430; x_wconf 85' lang='lat'>:</span> 
     </span>
     <span class='ocr_line' id='line_1_37' title="bbox 191 3451 1208 3545; baseline 0.003 -31"><span class='ocrx_word' id='word_1_287' title='bbox 191 3451 354 3534; x_wconf 86' lang='lat' dir='ltr'>inliserat,</span> <span class='ocrx_word' id='word_1_288' title='bbox 385 3451 537 3517; x_wconf 90' lang='lat' dir='ltr'>haerente</span> <span class='ocrx_word' id='word_1_289' title='bbox 565 3455 690 3517; x_wconf 89' lang='lat' dir='ltr'>ceterae</span> <span class='ocrx_word' id='word_1_290' title='bbox 718 3452 870 3518; x_wconf 81' lang='lat' dir='ltr'>evadunt:</span> <span class='ocrx_word' id='word_1_291' title='bbox 902 3474 1053 3537; x_wconf 86' lang='lat' dir='ltr'>armaque</span> <span class='ocrx_word' id='word_1_292' title='bbox 1085 3477 1208 3545; x_wconf 75' lang='lat' dir='ltr'>caper</span> 
     </span>
     <span class='ocr_line' id='line_1_38' title="bbox 178 3539 776 3609; baseline 0 -5"><span class='ocrx_word' id='word_1_293' title='bbox 178 3539 306 3608; x_wconf 71' lang='lat' dir='ltr'>murres</span> <span class='ocrx_word' id='word_1_294' title='bbox 329 3542 365 3608; x_wconf 91' lang='lat' dir='ltr'>et</span> <span class='ocrx_word' id='word_1_295' title='bbox 385 3540 434 3609; x_wconf 90' lang='lat' dir='ltr'>ire</span> <span class='ocrx_word' id='word_1_296' title='bbox 457 3541 493 3609; x_wconf 93' lang='lat' dir='ltr'>in</span> <span class='ocrx_word' id='word_1_297' title='bbox 516 3540 646 3608; x_wconf 85' lang='lat' dir='ltr'>ordines</span> <span class='ocrx_word' id='word_1_298' title='bbox 668 3539 776 3604; x_wconf 76' lang='lat' dir='ltr'>iussit.</span> 
     </span>
    </p>
   </div>
   <div class='ocr_carea' id='block_1_15' title="bbox 0 0 1216 3892">
    <p class='ocr_par' dir='ltr' id='par_1_15' title="bbox 0 0 1216 3892">
     <span class='ocr_line' id='line_1_39' title="bbox 0 0 1216 3892; baseline 0 2"><span class='ocrx_word' id='word_1_299' title='bbox 0 0 1216 3892; x_wconf 95' lang='lat' dir='ltr'> </span> 
     </span>
    </p>
   </div>
  </div>
 </body>
</html>
