2422 3892
24 210 29 219 .
98 158 139 222 98
472 156 504 223 Q.
523 132 632 213 ouum
650 159 736 213 auur

98 303 163 366 cult
164 323 201 365 us
228 322 283 366 ves
284 301 365 386 tigio
394 323 412 365 a
412 302 524 366 tttonii
546 302 716 366 intuebant
702 304 822 386 tt,ure
854 305 911 366 ant
913 323 1028 387 equam
1050 304 1109 367 lux

98 410 222 473 quoque
255 393 287 453 et
318 389 480 453 caelum
471 410 558 471 ipsos
586 389 769 472 deficerent,
799 391 917 454 reverti
943 390 1109 456 iubebant

47 499 78 546 ιι
96 477 165 542 Rex
194 478 352 561 castigare
379 476 528 541 territos
536 476 726 559 supersedit.
760 438 939 541 'ceterum'
930 498 999 561 rpse
1022 499 1107 560 equo

97 565 225 629 desiluit
212 565 412 648 tpedesque
440 586 497 648 per
522 565 611 629 nives
638 569 672 628 et
694 568 875 629 concretam
876 565 1066 667 glaciem
1055 587 1107 629 rn-

97 653 187 736 gredi
219 653 333 735 coepit.
377 651 585 716 Erubuerunt
614 673 682 717 non
715 652 805 735 sequi
835 653 975 735 primum
1002 653 1109 737 amici,

97 740 210 803 deinde
233 740 397 823 copiarum
416 739 520 822 duces,
543 738 584 804 ad
600 740 750 804 ultimum
767 739 850 803 milit
836 743 898 804 tes.
920 739 1107 824 primusque
1210 749 1211 828 ,

96 850 152 891 rex
175 826 307 891 dolabra
329 827 465 912 glaciem
487 827 688 912 perfringens
711 828 772 892 iter
795 827 856 891 sibi
879 827 968 910 fecit,
1000 848 1106 892 exem·

47 936 78 984 15
96 916 185 996 plum
213 915 298 999 regis
322 916 417 980 ceteri
439 915 557 980 imitati
580 919 663 979 sunt.
708 913 851 979 Tandem
873 915 1107 999 propemodum
1172 978 1176 984 .

97 1002 202 1066 invias
234 1003 330 1067 silvas
362 1003 483 1067 emensi
513 1003 647 1067 humaui
676 1004 780 1067 cultus
808 1023 882 1067 rara
908 1003 1046 1087 vestigia
1072 1006 1108 1067 et

96 1090 216 1172 passim
239 1094 383 1156 errantes
401 1102 553 1175 pecorum
571 1111 684 1175 greges
702 1110 879 1174 repperere.
908 1089 961 1154 At·
971 1090 1107 1175 incolae,
1185 1166 1190 1175 ,

98 1178 152 1262 qui
176 1178 296 1261 sparsis
318 1179 458 1263 tuguriis
480 1178 682 1261 habitabant,
704 1199 776 1242 curn
800 1199 833 1242 se
856 1178 990 1242 callibus
1007 1177 1106 1243 inviis

97 1268 225 1348 saeptos
245 1287 314 1331 esse
328 1266 544 1348 credidissent,
566 1269 604 1330 ut
617 1272 809 1348 conspexere
822 1263 964 1330 hostium
978 1270 1107 1350 agmen,

95 1353 283 1436 interfectis,
306 1355 361 1437 qui
383 1354 530 1419 comitari
551 1353 711 1438 fugientes
730 1374 797 1418 non
814 1354 972 1437 poterant,
994 1352 1107 1418 devios

48 1462 77 1509 le
96 1444 223 1505 montes
247 1444 279 1504 et
301 1440 428 1504 nivibus
452 1441 572 1505 obsitos
595 1441 786 1524 petiverunt
826 1439 906 1505 Inde
928 1460 986 1523 per
1007 1440 1106 1505 collo·

97 1527 173 1611 quia
203 1527 402 1610 captivorum
433 1528 589 1612 paulatim
617 1528 744 1592 feritate
772 1528 921 1611 mitigata
945 1527 1108 1593 tradidere

97 1635 130 1678 se
153 1615 231 1698 regi.
275 1612 344 1679 Nec
365 1615 401 1679 in
423 1615 547 1680 deditos
570 1615 698 1700 gravius
722 1617 910 1680 consultum.
1130 1664 1134 1669 -

47 1724 76 1771 ιι
185 1701 330 1767 Vastatis
356 1702 431 1768 inde
458 1703 544 1788 agris
566 1702 705 1768 Persidis
732 1704 873 1787 vicisque
897 1702 1108 1785 conpluribus

51 1854 54 1859 .
96 1790 233 1855 redactis
252 1791 286 1854 in
305 1793 499 1874 potestatem
517 1794 648 1855 ventum
665 1790 762 1855 estin
774 1789 960 1855 Mardorum
974 1792 1108 1872 gentem

96 1878 282 1943 bellicosam
305 1882 338 1943 et
359 1879 497 1943 multum
526 1901 545 1944 a
568 1879 680 1943 ceteris
702 1878 809 1942 Persis
832 1878 919 1943 cultu
941 1877 1027 1941 vitae
1049 1877 1105 1942 ab·

97 1964 290 2030 horrentem.
336 1963 454 2049 Specus
481 1967 517 2030 in
538 1967 702 2030 montibus
728 1966 868 2048 fodiunt,
894 1966 929 2029 in
953 1985 1033 2048 quos
1056 1986 1107 2029 se·

98 2073 159 2134 que
191 2074 229 2115 ac
260 2054 413 2137 conjuges
445 2056 478 2117 et
507 2053 626 2117 liberos
658 2053 809 2118 condunt
861 2050 1016 2117 Pacorum
1047 2056 1109 2117 aut
1201 2088 1205 2095 ·

47 2161 79 2209 18
97 2139 237 2203 ferarum
260 2160 355 2203 carne
377 2144 557 2204 vescuntur.
594 2138 643 2205 Ne
665 2140 794 2204 feminis
817 2140 945 2223 quidem
966 2161 1025 2223 pro
1047 2161 1107 2204 na·

97 2229 188 2290 turae
213 2226 305 2291 habit
291 2230 327 2291 tu
350 2227 528 2292 molliora
518 2229 648 2312 ingenia
670 2232 757 2292 sunt:
787 2249 898 2292 comae
919 2227 1109 2311 prominent

48 2336 79 2383 lo
96 2312 163 2378 hirt
149 2317 214 2397 t,ae
244 2315 341 2379 vestis
369 2337 464 2399 super
487 2335 591 2400 genua
614 2317 670 2379 est
648 2314 830 2379 tFunda
850 2315 997 2379 vinciunt
1017 2314 1108 2379 fron·

97 2405 176 2466 tem:
198 2365 269 2466 hoo
298 2406 331 2466 et
360 2405 582 2468 ornamentum
612 2402 725 2485 capitis
756 2405 788 2466 et
813 2403 913 2466 telum
940 2405 997 2468 est
1043 2399 1108 2468 Sed

97 2490 181 2554 hanc
212 2512 338 2574 quoque
368 2494 497 2575 gentem
526 2491 611 2555 idem
636 2491 786 2556 fortunae
812 2490 950 2573 impetus
973 2489 1108 2555 domuit

47 2599 79 2647 ao
97 2576 128 2642 It
113 2581 210 2661 taque
236 2579 397 2643 tricesimo
424 2579 488 2661 die,
507 2580 690 2661 postquam
718 2599 737 2640 a
758 2574 922 2661 Persepoli
942 2576 1107 2660 profectus

98 2669 175 2748 erat,
198 2666 309 2731 eodem
331 2666 434 2731 rediit.
470 2665 565 2731 Dona
588 2664 700 2729 deinde
724 2664 834 2729 etnicis
853 2665 1028 2766 ceterisque
1045 2684 1107 2746 pro

98 2752 250 2836 cuiusque
272 2755 386 2819 merito
406 2753 504 2817 dedit:
527 2753 758 2838 propemodum
776 2753 892 2836 omnia,
915 2772 995 2837 quae
1013 2751 1049 2815 in
1067 2772 1108 2816 ea

97 2839 176 2902 urbe
199 2843 338 2924 ceperat,
361 2841 540 2906 distributa.

517 2993 595 3062 Car.
617 2996 691 3062 VII.

65 3122 77 3168 1
186 3097 334 3165 Ceterum
356 3101 501 3184 ingentia
523 3103 623 3166 animi
645 3103 739 3181 bona,
760 3102 850 3166 illam
870 3101 1018 3183 indolem,
1042 3104 1164 3184 qua22

99 3209 210 3253 omnes
241 3209 334 3273 reges
361 3190 545 3273 antecessit,
576 3190 665 3254 illam
693 3191 728 3254 in
758 3189 928 3255 subeundis
955 3188 1107 3272 periculis

98 3277 326 3359 constantiam,
356 3278 390 3341 in
415 3277 511 3342 rebus
537 3277 707 3343 moliendis
730 3277 968 3360 efficiendisque
990 3276 1107 3341 veloci·
1162 3338 1167 3347 ,

97 3367 212 3446 tatem,
242 3365 278 3428 in
307 3326 394 3429 dedit
380 3367 431 3430 tos
443 3365 604 3467 fidem,'
595 3387 630 3430 1n
659 3366 802 3449 captivos
830 3364 1108 3447 clementiam,in

95 3453 147 3514 vol
149 3476 192 3534 up
194 3453 314 3518 tatibus
346 3454 512 3538 permissis
538 3474 671 3558 quoque
703 3456 736 3517 et
766 3453 893 3518 usitatis
925 3455 1106 3535 temperan-

32 3552 54 3595 s
73 3536 167 3620 tram,
195 3540 334 3609 haudt
320 3544 486 3611 tolerabili
514 3543 585 3611 uini
612 3541 790 3629 cupiditate
807 3539 962 3604 loedauit
1000 3538 1108 3604 Hoste
