2422 3892
118 161 185 226 64·
288 144 295 157 ’
490 162 522 228 o.
542 162 651 225 cuam
669 161 756 217 eurr

104 288 279 395 'egregiam
298 309 333 373 in
350 310 459 391 partes
477 306 572 370 fidem
590 310 623 370 et
641 305 821 390 pecuniam,
842 326 939 389 quam
957 304 994 371 in'
1006 305 1131 371 bellum

117 397 343 482 inpenderunt,
378 394 517 460 reddidit
552 398 585 459 et
620 414 775 479 magnam-
806 394 973 478 regionem
1008 392 1130 459 finibus

67 504 99 552 14
118 507 228 550 eorum
256 484 380 550 adiecit.
426 481 615 566 Cypriorum
643 504 768 567 quoque
786 481 937 566 regibus,
969 481 1027 566 qui
1053 485 1131 547 eta

117 572 222 639 Dareo
247 573 431 638 defecerant
452 571 494 636 cd
515 571 621 654 ipsum
644 574 677 635 et
699 569 901 655 oppugnanti
922 568 1048 653 Tyrum
1070 570 1129 636 mi·

118 665 227 726 serant
249 663 397 743 classem,
419 681 478 742 pro
501 659 615 723 merito
638 659 743 724 honos
765 658 895 722 habitu·
918 660 977 722 est

66 768 98 818 15
204 749 422 832 Amphoterus
454 747 581 830 deinde,
612 747 723 812 classis
754 745 947 834 praefectus,
978 744 1021 810 ad
1049 745 1129 812 libe·

116 837 250 902 rendam
280 834 408 902 Cretam
439 836 557 900 missus
589 872 631 882 -
662 855 800 918 namque
833 836 866 899 et
891 832 1063 898 Persarum
1096 838 1131 899 et

116 922 347 1007 Spartanorum
370 925 467 988 armis
484 923 635 1008 pleraque
658 923 726 987 eius
749 923 874 986 insulae
897 920 1131 987 obsidebantur

119 1049 157 1059 -
187 1017 262 1077 ante
294 1012 403 1078 omnia
433 1034 520 1077 mare
553 1033 572 1076 a
602 1011 745 1094 piraticis
778 1009 933 1075 classibus
962 1010 1129 1076 vindicare

116 1101 236 1165 iussus:
272 1101 390 1186 quippe
418 1100 592 1166 obnoxium
618 1098 834 1182 praedonibus
857 1099 927 1162 erat
947 1098 984 1162 in
1005 1096 1129 1166 bellum

65 1208 98 1258 16
116 1192 252 1274 utroque
279 1210 354 1274 rege
382 1210 544 1254 converso.
589 1185 650 1252 His
673 1187 849 1269 conpositis
871 1183 1004 1249 Herculi
1028 1185 1129 1269 Tyrio

115 1297 154 1341 ex
177 1300 255 1344 auro
279 1282 435 1343 crateram
459 1298 530 1341 cum
553 1292 624 1340 xxx
646 1275 766 1357 pateris
790 1274 921 1338 dicavit:
950 1273 1130 1340 inmiirens·

116 1387 176 1449 que
199 1364 305 1431 Dareo
329 1366 370 1429 ad
392 1364 580 1442 Euphraten
602 1363 663 1426 iter
685 1362 888 1445 pronuntiari
910 1361 1015 1425 iussit.

539 1517 618 1585 car.
639 1519 695 1583 IX.
807 1486 814 1499 ⁹

82 1645 96 1695 1
204 1625 249 1690 At
274 1625 412 1708 Dareus,
444 1646 516 1689 cum
542 1625 691 1710 Aegypto
723 1625 896 1690 devertisse
922 1624 959 1688 in
981 1623 1169 1692 Africambl

115 1715 242 1781 hostem
265 1713 473 1797 conperisset,
505 1712 718 1796 dubitaverat,
744 1717 893 1779 utrumne
917 1713 1000 1777 circa
1022 1711 1131 1780 Meso·

115 1804 291 1887 potamium
319 1801 520 1886 subsisteret,
552 1823 595 1865 an
621 1801 774 1865 interiora
800 1801 894 1886 regni
922 1801 972 1864 sui
993 1805 1132 1887 peteret,

115 1893 201 1956 haud
230 1892 324 1957 dubie
351 1891 514 1974 potentior
541 1892 652 1954 auctor
678 1910 830 1972 praesens
852 1888 978 1953 futurus
1002 1890 1131 1956 ultimis

116 1979 269 2064 gentibus¹
297 1979 424 2062 inpigre
454 1979 575 2043 bellum
605 1977 805 2061 capessendi,
837 1975 916 2060 quas
946 1987 1042 2062 aegre
1069 2001 1132 2062 per

81 2085 97 2134 a
116 2065 294 2149 praefectos
318 2087 393 2130 suos
416 2065 615 2130 moliebatur.
651 2062 712 2129 Sed
734 2068 771 2129 ut
792 2065 916 2129 idoneis
939 2066 1131 2148 auctoribus

115 2155 204 2218 fama
225 2153 379 2238 vulgavit,
400 2151 617 2217 Alexandrum
636 2174 708 2217 cum
724 2153 871 2218 omnibus
885 2152 996 2237 copiis,
1013 2174 1131 2237 quam·

116 2263 251 2326 cumque
273 2243 342 2326 ipse
365 2241 486 2305 adisset
507 2241 683 2325 regionem,
705 2242 893 2324 petiturum:
925 2240 1012 2304 haud
1032 2241 1131 2327 igna-

116 2352 180 2415 rus,
203 2352 299 2414 quam
323 2350 395 2412 cum
416 2332 546 2393 strenuo
564 2350 615 2393 res
633 2333 726 2413 esset,
749 2330 859 2394 omnia
875 2329 1130 2414 longinquarum

139 2419 260 2497 entium
284 2416 404 2482 auxilia
420 2417 630 2501 Babyloniam
653 2417 800 2482 contrahi
821 2417 923 2481 iussit.
959 2416 1131 2484 Bactriani

96 2441 316 2595 'depthaeque
353 2510 386 2571 et
415 2505 489 2570 Indi
520 2509 750 2570 convenerant:
786 2505 852 2569 iam
883 2509 916 2570 et
947 2508 1130 2577 ceterarum

80 2599 262 2682 agentium
294 2596 404 2680 copiae
435 2594 582 2678 partibus
615 2594 709 2660 simul
741 2592 921 2658 adfuerunt.
975 2591 1130 2660 Ceterum

116 2707 188 2748 cum
220 2682 351 2749 dimidio
382 2683 482 2748 ferme
513 2683 616 2747 maior
647 2684 731 2745 esset
763 2680 930 2764 exercitus,
963 2703 1062 2766 quam
1090 2682 1129 2747 in

116 2771 229 2845 Cilicia
250 2771 366 2855 fuerat,
387 2771 497 2835 multis
521 2792 610 2834 arma
632 2770 772 2852 deerant,
794 2790 876 2853 quae
900 2791 1026 2833 summa
1047 2789 1149 2856 cura·

116 2859 384 2941 conparabantur.
425 2857 609 2942 ‚Equitibus
641 2857 793 2941 equisque
818 2860 1006 2942 tegumenta
1033 2861 1129 2923 erant

116 2958 155 3010 ex
176 2945 287 3009 ferreis
309 2945 473 3009 lamminis
495 2946 575 3009 serie
598 2945 682 3009 inter
705 2966 739 3023 se
762 2945 904 3010 conexis:
934 2945 1005 3030 quis
1029 2947 1128 3010 antea

115 3038 243 3119 praeter
264 3031 370 3097 iacula
391 3031 475 3095 nihil
492 3031 635 3114 dederat,
653 3036 744 3096 scuta
762 3034 924 3117 gladiique
943 3032 1147 3098 afficiebam·-

79 3128 181 3190 4tur:
214 3140 430 3206 equorumque
457 3118 609 3183 domandi
638 3139 751 3204 greges
777 3120 939 3204 peditibus
961 3120 1127 3186 distributi

116 3212 204 3292 sunt,
226 3212 264 3273 ut
285 3207 389 3272 maior
410 3206 548 3290 pristino
571 3210 655 3271 esset
677 3209 852 3291 equitatus:
877 3209 1065 3294 ingensque,
1087 3212 1127 3274 ut

115 3297 302 3381 crediderat,
323 3296 465 3360 hostium
482 3297 594 3381 terror,
614 3296 768 3360 ducentae
785 3296 922 3362 falcatae
941 3296 1126 3382 quadrigae,

29 3432 31 3436 »
80 3387 245 3456 aunicum
271 3386 401 3449 illarum
428 3384 573 3470 gentium
602 3384 768 3468 auxilium,
796 3389 922 3449 secutae
945 3388 1029 3449 sunt.
1072 3383 1126 3449 Ex

115 3495 240 3540 summo
258 3477 387 3539 temone
401 3473 515 3538 hastae
527 3473 685 3555 praefixae
698 3472 783 3538 ferro
798 3473 991 3558 eminebant,
1012 3472 1126 3537 utrim-

105 3584 169 3644 que
204 3585 225 3627 ε
258 3562 340 3650 iugo
373 3564 483 3631 ternos
516 3561 712 3629 direxerant·
730 3561 872 3645 gladios,
899 3561 986 3624 inter
1015 3559 1126 3626 radios
