2422 3892
136 168 200 234 180
506 109 544 229 cs
558 164 668 220 euasi
687 164 773 219 auri

136 312 207 398 quis
234 311 322 395 ipsos
349 308 504 375 beneficio
533 330 629 392 quam
655 307 774 372 iniuria
803 307 942 392 experiri
966 309 1157 397 maluisset

100 413 117 462 a
136 404 313 466 certaturos
336 397 451 481 fuisse,
478 417 518 459 ne
543 396 745 460 vincerentur
768 395 885 461 officio.
930 394 1157 482 Interrogati·

137 510 207 574 que,
226 508 289 572 quo
306 486 442 569 pignore
459 484 557 548 fidem
576 482 752 568 obligaturi
771 487 887 565 essent,
910 484 1028 568 vitam,
1054 507 1156 570 quam

136 576 330 659 acciperent,
354 572 484 656 pignori
506 572 647 638 futuram
675 592 744 636 esse
767 570 929 636 dixerunt:
951 572 1157 660 reddituros,

136 662 327 747 quandoque
340 661 520 743 repetisset.
548 657 617 724 Nec
629 659 824 743 promissum
837 658 1037 726 fefellerunt.
1065 659 1157 728 Nam

137 751 192 836 qui
218 749 346 814 remissi
379 747 490 813 domos
519 750 624 831 erant,
653 746 717 811 fide
745 747 930 812 continuere
956 749 1157 831 populares:

137 840 288 923 quattuor
310 836 395 900 inter
418 835 565 900 custodes
589 834 730 918 eorporis
753 834 870 899 retenti
891 834 973 898 nulli
996 834 1156 904 Macedo

85 1023 118 1073 10
136 945 275 1075 numan
290 925 762 1096 §ggqliqmusariltqltleeoffisecrlffit.
770 1028 811 1075 111
837 1010 970 1076 milibus
998 1013 1198 1095 peditumto

137 1137 180 1146 -—
204 1099 414 1184 nequeenim
442 1099 564 1164 maiore
585 1098 745 1181 praesidio
771 1097 939 1184 indigebat
964 1133 1004 1144 —
1031 1101 1158 1169 relicto

136 1189 256 1253 Bactra
282 1187 438 1270 pervenit.
483 1186 563 1251 Inde
585 1186 718 1251 Bessum
747 1185 916 1252 Ecbatana
941 1185 1018 1251 duci
1043 1188 1160 1276 iussit,

85 1289 117 1337 11
137 1276 304 1341 interfecto
328 1275 434 1340 Dareo
463 1295 581 1357 poenas
605 1273 711 1357 capite
737 1274 985 1358 persoluturum.
1039 1275 1158 1344 Isdem

136 1365 203 1430 fera
218 1364 330 1428 diebus
345 1362 547 1428 Ptolemaeus
568 1365 600 1426 et
613 1361 826 1427 Melamnidas
839 1361 984 1446 peditum
998 1378 1045 1428 111
1059 1366 1160 1432 milia

87 1464 118 1512 12
137 1455 171 1516 et
189 1451 312 1535 equites
330 1450 421 1514 mille
436 1448 636 1514 adduxerunt
649 1450 793 1515 mercede
807 1449 1015 1515 militaturos.
1043 1450 1158 1519 Asan-

138 1539 193 1603 der
217 1557 343 1621 quoque
366 1558 405 1601 ex
427 1535 528 1619 Lycia
551 1558 622 1601 cum
645 1537 717 1620 pari
739 1559 874 1603 numero
895 1537 1046 1621 peditum
1070 1545 1110 1607 et
1132 1560 1158 1608 1>

139 1625 300 1710 equitibus
323 1624 419 1689 venit.
459 1623 608 1689 Totidem
631 1647 669 1689 ex
689 1621 784 1709 Syria
805 1625 1081 1708 Asclepiodorum
1107 1652 1159 1696 se·

138 1714 331 1798 quebantur:
355 1711 528 1796 Antipater
549 1711 744 1778 Graecorum
762 1731 827 1779 vm
841 1713 942 1799 milia,
960 1713 996 1777 in
1015 1716 1093 1799 quis
1109 1736 1159 1786 Dc

86 1814 117 1861 13
138 1803 263 1888 equites
291 1804 396 1885 crant,
424 1801 586 1866 miseras·
610 1801 724 1885 Itaque
752 1801 893 1866 exercitu
917 1804 1012 1867 aucto
1038 1803 1082 1868 ad
1109 1828 1159 1891 ea,

137 1913 217 1974 quae
245 1889 423 1954 defectione
449 1890 581 1953 turbata
607 1890 713 1972 erant,
745 1889 955 1972 conponenda
985 1894 1160 1972 processit

136 1976 377 2060 interfectisque
416 1976 687 2041 consternationis
719 1974 906 2041 auctoribus
944 1981 1064 2060 quarto
1101 1981 1158 2048 die

137 2066 177 2129 ad
209 2065 329 2128 flumen
357 2061 460 2127 Oxum
489 2067 679 2146 perventum
707 2067 765 2128 est.
814 2063 890 2149 Hic,
922 2065 998 2149 quia
1031 2066 1158 2134 limum

85 2151 241 2234 avehit,
267 2149 413 2214 turbidus
442 2171 581 2235 semper,
608 2150 785 2216 insalubris
813 2155 864 2217 est
885 2153 986 2235 potui.
1031 2152 1158 2243 Itaque

136 2244 252 2324 puteos
284 2237 379 2301 miles
412 2241 562 2321 coeperat
592 2239 701 2305 fodere
723 2260 783 2304 nec
814 2243 925 2304 tamen
950 2239 1053 2306 humo
1083 2245 1158 2312 alte

137 2330 249 2413 egesta
267 2324 426 2390 existebat
444 2326 569 2394 humor.
605 2325 689 2392 Tum
701 2326 735 2391 in
749 2327 820 2411 ipso
834 2328 1047 2394 tabernaculo
1060 2334 1158 2418 regis

137 2418 326 2500 conspectus
349 2416 399 2479 est
420 2413 506 2498 fons,
534 2435 629 2498 quem
652 2414 729 2498 quia
750 2415 841 2479 tarde
865 2419 1075 2502 notaverant,
1101 2442 1157 2486 su-

136 2505 206 2569 bito
231 2502 375 2567 extitisse
397 2501 570 2567 finxerunt:
592 2524 711 2587 rexque
729 2503 799 2586 ipse
818 2503 904 2568 credi
921 2503 1036 2588 voluit,
1059 2506 1159 2575 ἀοιωη

85 2603 119 2650 15
139 2592 257 2657 donum
279 2590 314 2654 id
335 2590 445 2655 fuisse.
491 2588 656 2674 Superatis
686 2590 799 2655 deinde
827 2592 976 2656 amnibus
999 2589 1096 2660 Ocho
1122 2600 1159 2663 et

138 2679 207 2745 Oxo
241 2678 282 2743 ad
311 2680 423 2743 urbem
452 2676 653 2762 Margianam
683 2678 839 2762 pervenit.
889 2677 983 2745 Oirca
1008 2699 1086 2747 eam
1117 2703 1159 2752 vl

138 2766 264 2849 oppidis
287 2765 459 2830 condendis
487 2765 589 2830 eleeto
615 2767 706 2831 sedes
735 2770 798 2832 est:
830 2767 892 2832 duo
916 2767 956 2831 ad
978 2770 1160 2840 meridiem

137 2875 246 2936 versa,
268 2871 322 2916 1111
341 2853 520 2935 spectantia
543 2852 700 2918 orientem
718 2855 855 2919 modicis
873 2855 957 2919 inter
976 2876 1011 2919 se
1030 2861 1160 2942 spatiis

138 2940 316 3021 distabant,
342 2960 383 3003 ne
409 2940 522 3022 procul
545 2942 753 3024 repetendum
777 2946 863 3006 esset
885 2944 1034 3007 mutuum
1060 2950 1161 3015 auxi·

86 3041 119 3090 16
137 3027 225 3092 lium.
275 3026 364 3091 Haec
391 3027 500 3092 omnia
527 3028 590 3092 sita
618 3033 694 3094 sunt
719 3030 755 3094 in
779 3030 872 3095 editis
896 3030 1050 3097 collibus:
1080 3039 1162 3104 tum
1196 3102 1200 3110 ,

138 3117 228 3181 velut
245 3114 329 3180 freni
348 3114 540 3180 domitarum
559 3118 717 3201 gentium,
736 3139 822 3183 nunc
840 3118 975 3202 originis
995 3141 1078 3186 suae
1098 3126 1161 3192 ob

137 3204 199 3268 lita
219 3203 376 3288 serviunt,
400 3203 515 3287 quibus
539 3203 787 3289 imperaverunt.

565 3360 644 3428 cm.
667 3361 723 3428 XI.

100 3484 115 3528 r
227 3466 273 3532 Et
295 3468 403 3532 cetera
421 3467 550 3554 quidem
568 3470 741 3551 pacaverat
758 3489 823 3532 rex.
863 3468 937 3535 Una
954 3473 1024 3534 erat
1043 3479 1203 3566 petra,4]

125 3576 226 3642 quam
257 3556 434 3626 Ar'···‘·1es
471 3555 658 3646 Sogdianus
684 3573 766 3620 xxx
792 3555 930 3618 munus
958 3561 1181 3630 armatam
