2422 3892
248 149 501 206 HIS'I'ORIARUM
513 150 733 218 ,stanuum
751 151 789 222 V,
810 159 834 206 1.
852 157 879 208 2.
1023 151 1065 216 85

63 302 139 359 sunt
156 294 246 379 regis
260 295 401 359 ministri
418 295 577 378 iidemque
595 317 694 379 equos
710 295 895 359 ineuntibus
907 295 1066 378 proelium

58 383 231 447 admovent
255 387 473 467 venantesque
500 383 695 448 comitantur
721 386 755 448 et
775 383 959 468 vigiliarum
981 383 1066 447 vices
1174 393 1177 401 '

59 472 135 534 ante
152 471 289 535 cubiculi
300 470 387 537 fores
402 475 544 536 servant:
562 492 817 556 magnorumque
830 471 1066 555 praefectorum

64 561 98 621 et
124 558 240 622 ducum
261 558 341 624 haec
363 559 560 623 incrementa
583 565 659 623 sunt
680 563 714 624 et
734 558 925 624 rudimenta.

147 645 252 731 Igitur
285 668 341 711 rex
377 648 443 713 arci
473 645 649 730 Babylonis
682 645 853 732 Agathone
884 647 1065 731 praesidere
1084 667 1118 716 43

57 733 146 798 iusso
170 755 242 798 cum
266 734 480 819 septingentis
502 734 715 799 Macedonum
741 735 957 818 trecentisque
983 756 1064 798 mer-

59 821 134 886 cede
161 822 327 887 conductis
356 825 534 906 praetores,
570 823 626 906 qui
652 822 776 907 regioni
803 821 1001 906 Babyloniae
1029 844 1066 886 ac

58 905 188 974 Ciliciae
210 914 405 995 praeessent,
426 909 588 976 Menetem
607 913 641 974 et
653 910 887 993 Apollodorum
904 911 1066 994 relinquit.

56 1014 83 1060 11
106 997 196 1061 milia
222 997 263 1061 iis
291 998 431 1061 militum
458 1019 530 1062 cum
552 997 640 1061 mille
663 997 793 1062 talentis
818 997 906 1063 data:
938 999 1066 1081 utrique

57 1086 280 1167 praeceptum,
319 1087 356 1148 ut
390 1086 425 1147 in
466 1085 722 1168 supplementum
757 1084 877 1149 milites
911 1086 1067 1170 legerent.

57 1168 227 1234 Mazaeum
273 1171 477 1256 transfugam
522 1176 670 1255 satrapea
712 1170 913 1255 Babyloniae
959 1172 1066 1256 donat,
1083 1190 1119 1240 44

58 1256 304 1342 Bagophanem,
337 1259 392 1343 qui
423 1279 528 1324 arcem
557 1259 746 1343 tradiderat,
778 1281 812 1324 se
844 1260 934 1344 sequi
962 1260 1066 1343 iussit,

57 1344 213 1410 Armenia
234 1345 402 1430 Mithreni,
434 1345 582 1411 Sardium
607 1347 781 1430 proditori,
810 1347 886 1411 data
913 1350 971 1410 est.
1015 1346 1067 1411 Ex
1084 1363 1117 1414 41

56 1434 194 1517 pecunia
216 1434 329 1498 deinde
350 1433 513 1518 Babylone
534 1434 655 1498 tradita
670 1434 884 1499 Macedonum
906 1435 1066 1518 equitibus

58 1522 185 1586 sexceni
219 1522 342 1586 denarii
372 1522 501 1586 tributi:
536 1523 726 1606 peregrinus
758 1543 854 1606 eques
886 1523 1065 1606 quingenos

58 1609 197 1692 accepit,
245 1609 385 1674 ducenos
429 1609 541 1694 pedes,
586 1610 685 1676 ceteri
712 1611 908 1694 stipendium
931 1611 1066 1673 duorum

58 1717 215 1759 mensum.

491 1852 571 1918 Osa.
592 1853 633 1918 Π.

20 1960 40 2022 7
146 1957 208 2021 His
238 1958 286 2021 ita
317 1958 493 2041 conpositis
524 1959 560 2021 in
590 1959 767 2043 regionem,
802 1979 884 2043 quac
915 1961 1099 2041 satrapeal

58 2044 221 2110 Sittacene
243 2049 386 2129 vocatu,
408 2046 565 2130 pervenit:
587 2046 703 2111 fertilis
726 2050 820 2130 terra,
843 2047 936 2130 copia
957 2069 1064 2112 rerum

58 2137 92 2197 et
114 2133 202 2198 omni
225 2137 405 2198 commeatu
427 2133 604 2199 abundans.
641 2134 755 2218 Itaque
778 2135 898 2200 diutius
920 2135 967 2200 ibi
990 2136 1100 2202 sub-2

58 2220 144 2284 stitit
170 2241 221 2303 ac,
249 2242 290 2284 ne
313 2221 438 2285 desides
461 2221 528 2286 otio
551 2221 757 2286 demitterent
778 2222 916 2306 animos,
943 2223 1064 2288 iudices

58 2307 147 2371 dedit
169 2309 374 2392 praemiaque
395 2309 623 2393 proposuit'de
646 2310 764 2374 virtute
785 2310 919 2375 militari
942 2313 1063 2374 certan-

57 2395 145 2460 tibus
181 2417 284 2461 nova:
321 2397 376 2479 qui
408 2397 578 2461 fortissimi
608 2397 741 2461 iudicati
772 2400 892 2481 essent,
929 2397 1100 2480 singulisa

56 2483 196 2564 militum
217 2485 347 2549 milibus
365 2484 544 2567 praefuturi
559 2486 660 2548 erant.
692 2482 892 2549 chiliarchas
905 2484 1065 2548 vocabant

55 2574 133 2634 tunc
168 2572 308 2654 primum
344 2572 379 2635 in
413 2571 499 2637 hunc
533 2592 702 2636 numerum
735 2571 835 2654 copiis
868 2570 1066 2636 distributis:

54 2679 196 2742 namque
223 2661 318 2722 antea
345 2659 576 2744 quingenariae
600 2659 748 2723 cohortes
771 2657 899 2722 fuerant
919 2679 979 2723 nec
1001 2659 1064 2723 for-

53 2745 204 2810 titudinis
237 2745 382 2827 praemia
418 2747 588 2811 cesserant.
640 2744 760 2829 Ingens
794 2746 933 2810 militum
968 2747 1104 2814 turbas

54 2835 249 2898 convenerat
271 2833 401 2916 egregio
423 2833 619 2897 interfutura
641 2833 817 2917 certamini,
839 2835 931 2898 testis
952 2835 1063 2900 eadem

55 2921 209 3005 cuiusque
236 2920 395 2985 factorum
422 2924 455 2985 et
481 2921 520 2985 de
546 2920 703 2985 iudicibus
725 2922 832 2986 latura
855 2923 1065 2989 sententiam:

55 3009 174 3093 quippe
195 3029 313 3073 verone
337 3029 379 3071 an
401 3009 483 3073 falso
505 3008 610 3074 honos
634 3009 746 3093 cuique
768 3009 950 3094 haberetur,
972 3011 1062 3095 igno-

55 3097 121 3160 rari
147 3118 213 3160 non
238 3100 375 3180 poterat
418 3095 547 3162 Primus
570 3098 713 3162 omnium
735 3097 864 3162 virtutis
887 3120 985 3163 causa
1008 3100 1098 3165 do·5

53 3187 151 3249 natus
178 3188 227 3249 est
256 3184 422 3250 Atharrias
450 3186 569 3270 senior,
601 3186 656 3270 qui
686 3186 839 3250 omissum
866 3186 951 3269 apud
973 3185 1063 3250 Hali-

54 3293 232 3337 carnasson
258 3294 278 3336 a
304 3273 483 3339 iunioribus
505 3274 663 3358 proelium
684 3295 768 3338 unus
791 3273 930 3337 maxime
953 3295 1063 3338 acoen-
1104 3278 1106 3283 ’

53 3359 159 3424 derat:
180 3361 344 3443 proximus
368 3361 397 3424 ei
409 3361 589 3446 Antigenes
611 3362 700 3425 visus
724 3363 786 3425 est:
809 3361 941 3426 tertium
956 3361 1063 3426 locum

51 3446 200 3512 Philotas
226 3448 379 3532 Augaeus
411 3449 566 3514 obtinuit:
601 3451 736 3534 quartus
764 3446 937 3534 Amyntae
962 3447 1085 3510 datus:

48 3539 130 3620 post
149 3535 210 3600 bos
226 3533 412 3620 Antigonus
436 3541 469 3604 et
491 3538 534 3605 ab
559 3561 598 3606 eo
618 3537 809 3627 Lyncestes
825 3537 1000 3620 amyntas
1019 3529 1112 3589 tuit·-
