2422 3892
273 156 529 213 maronianum
546 155 765 212 ALEXANDRI
783 157 830 226 VI,
851 163 876 213 5.
1014 157 1075 222 127

66 301 123 366 der
146 301 306 366 adsuevit·
279 302 465 385 teiusque
488 301 628 366 maxime
650 302 799 386 precibus
822 304 892 366 mot
892 323 931 366 us
877 300 1078 367 tNabar·

66 391 139 453 zani
161 390 316 542 ignovitt

18 479 56 542 19
154 477 300 560 Ειιι,ιι
279 481 444 578 usupra
475 477 596 542 dictum
628 480 694 559 est,
722 475 908 559 Hyrcaniae
940 477 1023 541 finit'
999 480 1079 542 tima
1097 493 1131 541 ιι

68 585 147 649 gens
171 565 386 649 Amazonum,
414 567 499 630 circa
526 565 767 630 Thermodonta
795 587 922 631 amnem
950 565 1079 630 Themi-

67 675 178 755 scyrae
200 653 410 719 incolentium
438 674 577 737 campos.
621 653 781 738 Reginam
807 653 973 720 habebant
994 653 1078 719 Tha·
1097 669 1132 717 ιι

66 741 157 806 lest’
115 746 194 825 t,r1n
224 742 376 807 omnibus
405 742 491 806 inter
518 739 698 806 Caucasum
725 745 929 808 montemt
896 747 929 808 et
955 741 1079 807 Phasin

67 851 194 894 amnem
212 830 464 913 imperitantem.
500 828 589 894 Haec
607 828 756 913 cupidine
773 830 899 895 visendi
917 831 1034 918 regis
1028 852 1079 896 ac·

67 939 162 983 censa
188 919 308 983 finibus
334 918 427 1002 regni
456 918 505 982 sui
528 917 666 983 excessit
688 922 733 1001 et,
765 938 837 983 cum
859 917 945 983 haud
967 910 1080 1002 procul

66 1007 205 1088 abesset,
226 1006 395 1089 praemisit
416 1005 562 1070 indicant
547 1008 606 1088 tes,
630 1006 755 1070 venisse
777 1005 925 1089 reginam
943 1007 1080 1072 adeundi

67 1094 135 1158 eius
155 1092 431 1176 cognoscendique
453 1093 589 1158 avidam.
633 1091 786 1158 Protinus
808 1093 896 1159 facta
917 1098 1079 1177 potestate
1098 1112 1134 1160 ae

68 1181 226 1261 veniendi,
249 1180 364 1245 ceteris
386 1181 485 1246 iussis
507 1181 692 1264 subsistere,
715 1183 869 1246 trecentis
887 1181 1080 1248 feminarum

67 1269 222 1334 comitata
257 1268 423 1352 processit.
476 1268 584 1352 Atque
616 1272 653 1333 ut
681 1269 822 1352 primum
853 1290 910 1333 rex
942 1270 977 1333 in
1006 1292 1081 1343 ¹oon·

69 1360 180 1441 spectu
206 1356 282 1440 luit,
315 1378 396 1440 equo
426 1358 498 1440 ipsa
525 1357 655 1421 desiluit
683 1357 763 1422 duas
789 1357 920 1422 lanceas
948 1358 1081 1423 dextera

67 1444 259 1530 praeferens.
309 1443 420 1511 Vestis
447 1465 514 1509 non
540 1447 611 1509 toto
639 1444 841 1510 Amazonum
868 1445 998 1529 corpori
1024 1447 1079 1511 ob·
1099 1464 1133 1513 ιι

68 1534 207 1599 ducitur:
238 1555 316 1599 nam
343 1533 437 1599 laeva
464 1555 539 1616 pars
568 1533 608 1597 ad
635 1538 748 1617 pectus
775 1537 826 1599 est
847 1533 947 1616 nuda,
975 1537 1082 1600 cetera

68 1622 183 1687 deinde
206 1621 366 1686 velantur·
408 1619 478 1686 Nec
499 1624 611 1685 tamen
633 1621 722 1686 sinus
745 1622 854 1706 vestis,
878 1643 973 1706 quem
995 1623 1079 1687 nodo

68 1709 240 1792 colligunt,
272 1709 358 1772 infre
385 1728 491 1792 genua
517 1709 690 1775 descendit.
739 1708 798 1774 Alt
783 1713 854 1774 tera
884 1710 1009 1793 papilla
1036 1711 1080 1774 in-
1100 1730 1134 1779 aa

68 1802 158 1862 tacta
194 1800 353 1879 servatur,
390 1817 455 1880 qua
491 1796 659 1861 muliebris
696 1818 791 1862 sexus
822 1797 944 1861 liberos
977 1797 1081 1862 alant:

69 1886 214 1949 aduritur
241 1846 386 1966 dexteia,
417 1885 455 1948 ut
482 1905 575 1948 arcus
602 1883 793 1949 faciliusin
793 1885 928 1950 ttendan
955 1888 989 1949 ιι
1014 1885 1082 1950 tela

68 1973 206 2038 vibrent
258 1972 412 2037 Interrito
450 1971 543 2037 vultu
577 1993 686 2056 regem
720 1971 883 2038 Thalest
841 1977 969 2038 turns
933 1973 1080 2038 int·ueba
1100 1995 1132 2042 as

68 2065 136 2144 tur,
164 2061 314 2126 habitum
344 2061 411 2125 eius
434 2060 683 2144 haudquaquam
706 2083 813 2127 rerum
836 2060 941 2126 famae
969 2083 1082 2144 parem

69 2149 170 2214 oculis
202 2151 415 2232 perlustrans:
448 2149 567 2232 quippe
595 2150 744 2214 omnibus
771 2150 919 2215 barbaris
951 2151 987 2214 ιιι
1016 2173 1082 2216 ιοι-

69 2259 185 2322 porum
207 2238 378 2302 maiestate
400 2238 564 2302 veneratio
593 2240 644 2301 est
670 2257 925 2323 magnorumque
948 2260 1081 2322 operum

69 2347 136 2390 non
165 2326 247 2391 alios
277 2346 409 2409 capaces
436 2327 567 2409 putant,
618 2347 694 2390 uam
721 2347 802 2410 quos
830 2327 948 2390 eximia
974 2326 1081 2409 specie

69 2414 187 2479 donare
209 2419 327 2480 natura
344 2414 480 2498 dignata
498 2416 556 2478 est.
596 2346 753 2479 (deterum
771 2414 981 2498 interrogata,
1003 2435 1081 2477 num
1101 2435 1135 2482 ιο

70 2503 192 2588 aliquid
210 2507 321 2587 petere
340 2503 445 2584 vellet,
462 2501 550 2566 haud
568 2500 730 2566 dubitavit
743 2501 839 2566 fateri
853 2501 894 2565 ad
908 2501 1082 2566 communi-

70 2591 188 2656 candos
210 2611 283 2655 cum
310 2611 387 2675 rege
414 2589 536 2654 liberos
560 2589 758 2671 sevenisse,
785 2589 931 2672 dignam,
958 2609 998 2652 ex
1020 2609 1084 2671 qua

70 2680 138 2761 ipse
162 2678 254 2760 regni
277 2679 448 2760 generaret
468 2675 616 2741 heredes.
639 2638 787 2740 feminini
810 2697 904 2740 sexus
923 2697 957 2740 se
975 2680 1082 2741 reten-

69 2769 192 2846 turam,
215 2785 337 2828 marem
359 2762 560 2828 reddituram
581 2764 677 2847 patri.
722 2763 919 2846 Alexander,
944 2785 986 2828 an
1010 2785 1083 2829 cum

70 2854 143 2936 ipso
166 2851 309 2916 militare
331 2851 430 2916 vellet
415 2845 659 2936 tinterrogat.
636 2851 749 2918 ιιΕ
769 2853 828 2917 illa
849 2856 991 2936 causata,
1013 2853 1082 2917 sine
1101 2874 1135 2923 ιι

70 2945 143 3044 cust
128 2940 204 3006 tode
226 2959 363 3023 regnum
384 2901 567 3023 reliquisse,
589 2943 700 3022 petere
722 2941 963 3024 perseverabat,
984 2962 1026 3005 ne
1049 2963 1083 3005 se

70 3031 203 3096 inritam
245 3028 315 3111 spei
352 3028 442 3094 abire
477 3031 605 3111 pateret
605 3051 652 3093 ur.
709 3028 826 3095 Acrior
862 3029 903 3094 ad
934 3050 1082 3093 venerem
1101 3050 1136 3098 aa

70 3118 208 3184 feminae
232 3117 348 3201 cupido
368 3139 465 3201 quam
484 3117 581 3200 regis,
603 3121 640 3182 ut
658 3139 778 3201 paucos
797 3118 864 3183 dies
884 3117 1084 3201 subsisteret,

70 3208 222 3291 perpulit
271 3224 336 3271 xm
368 3205 436 3271 dies
464 3206 500 3269 in
531 3205 724 3290 obsequium
756 3206 907 3272 desiderii
933 3206 1001 3270 eius
1030 3206 1083 3270 ab·

72 3296 192 3379 sumpti
215 3299 300 3361 sunt.
341 3294 426 3360 Tum
448 3295 507 3359 illa
529 3312 666 3378 regnum
684 3316 787 3380 suum,
808 3316 865 3360 rex
886 3294 1083 3360 Parthienen

70 3384 262 3468 petiverunt.
