2408 3900
258 148 511 239 fflsTORIARUM
527 147 744 203 ALEXANDRI
761 149 812 219 IV,
833 155 874 205 15.
1028 151 1069 216 75

64 315 181 380 agmen
203 315 296 358 suum
319 315 340 357 a
360 297 452 379 tergo
476 291 656 357 dimicantis
679 297 861 378 opponunt:
891 294 1069 379 ingensque

62 383 238 467 periculum
260 383 296 445 in
317 381 422 446 medio
441 380 575 446 haerens
595 381 722 466 adisset,
743 382 778 445 ni
796 382 919 467 equites
932 383 1070 468 Agriani

62 471 239 537 calcaribus
271 469 408 534 subditis
440 469 648 535 circumfusos
678 470 749 555 regi
779 471 933 535 barbaros
966 471 1070 534 adorti

62 563 172 624 essent
200 578 390 642 aversosque
417 557 578 622 caedendo
604 558 640 622 in
667 578 700 623 se
728 558 852 624 obverti
880 559 1069 643 co'e'gissent.

62 648 207 711 Turbata
229 649 299 710 erat
319 650 456 729 utraque
478 646 570 710 acies.
606 644 789 711 Alexander
811 650 844 711 et
866 669 886 712 a
907 646 1014 711 fronte
1037 651 1121 715 2222

64 758 83 799 2
105 739 198 820 tergo
220 734 346 798 hostem
367 734 516 798 habebat
558 733 620 810 Qui
642 756 755 799 averso
778 735 807 798 ei
829 735 1005 818 instabant,
1028 736 1069 799 ab

63 821 215 908 Agrianis
232 822 393 906 equitibus
406 823 647 905 premebantur:
665 822 830 887 Bactriani
843 823 1069 907 inpedimentis

62 912 203 975 hostium
233 909 365 993 direptis
392 909 511 975 reversi
537 909 665 976 ordines
693 932 768 975 suos
794 931 979 995 recuperare
1002 932 1070 976 non

61 1002 225 1082 poterant:
257 1000 352 1082 plura
374 999 469 1063 simul
492 999 629 1082 abrupta
651 1020 671 1062 a
694 1000 807 1063 ceteris
831 1000 973 1084 agmina,
998 999 1069 1063 ubi·
1138 997 1139 1001 ’

62 1109 197 1171 cumque
226 1087 325 1151 alium
352 1086 407 1150 alii
435 1086 503 1151 fors
530 1087 714 1169 miscuerat,
747 1087 950 1152 dimicabant
996 1085 1069 1152 Duo
1088 1106 1121 1155 22

62 1195 155 1258 reges
187 1175 303 1240 iunctis
330 1195 430 1258 prope
457 1175 639 1259 agminibus
665 1175 823 1258 proelium
850 1176 1070 1240 accenderant.

63 1261 177 1326 Plures
198 1260 314 1328 Persae
337 1262 507 1345 cadebant,
531 1285 591 1346 par
611 1262 711 1327 ferme
734 1263 894 1346 utrimque
916 1283 1069 1327 numerus

63 1351 300 1416 vulnerabatur.
349 1349 451 1415 Curru
477 1349 615 1434 Dareus,
651 1349 833 1415 Alexander
864 1372 946 1434 equo
977 1351 1070 1415 22122-
1089 1369 1123 1417 24

62 1439 174 1504 batur:
218 1441 389 1523 utrumque
425 1438 540 1504 delecti
574 1441 749 1503 tuebantur
784 1439 834 1503 sui
869 1438 1070 1521 inmemores,

63 1527 179 1610 quippe
207 1526 325 1592 amisso
352 1548 427 1611 rege
453 1549 514 1594 nec
540 1528 692 1592 volebant
719 1527 799 1592 salvi
826 1549 896 1592 esse
917 1547 977 1591 nec
998 1529 1070 1609 pot-

62 1619 163 1679 erant.
207 1613 294 1679 Ante
317 1615 426 1679 oculos
449 1616 500 1680 sui
522 1615 655 1700 quisque
678 1615 763 1700 regis
786 1619 923 1681 mortem
946 1636 1070 1679 occum-

61 1702 137 1767 bere
166 1703 304 1767 ducebat
332 1703 506 1787 egregium.
549 1702 726 1767 Maximum
755 1706 865 1767 tamen
893 1702 1070 1787 periculum
1089 1720 1122 1770 25

63 1791 210 1876 adibant,
233 1812 313 1876 quos
336 1793 474 1855 maxime
496 1791 682 1856 tuebantur:
711 1791 827 1874 quippe
851 1791 914 1856 sibi
936 1791 1070 1874 quisque

10 1880 149 1946 b9eaesi
170 1879 256 1965 regis
279 1880 449 1962 expetebat
472 1878 576 1944 decus,
619 1876 777 1961 Ceterum,
801 1878 866 1944 sive
888 1879 970 1944 211221
989 1877 1070 1941 ludi·
1089 1898 1123 1946 26

61 1967 170 2031 brium
193 1968 357 2033 oculorum
379 1968 447 2033 sive
469 1988 545 2032 vera
567 1967 688 2050 species
711 1965 781 2050 fuit,
804 1967 859 2052 qui
877 1964 1070 2031 circaAlex·

61 2055 199 2120 andrum
231 2059 337 2138 erant,
367 2055 485 2120 vidisse
518 2077 551 2119 22
583 2055 784 2119 crediderunt
814 2056 946 2139 paulum
976 2078 1071 2140 super

61 2147 161 2227 caput
181 2143 266 2229 regis
287 2143 412 2226 placide
430 2144 593 2208 volantem
612 2143 762 2228 aquilam,
784 2164 850 2208 non
868 2166 948 2209 sono
968 2167 1071 2209 armo·

60 2253 147 2314 rum,
178 2254 244 2297 non
273 2231 395 2315 gemitu
421 2232 626 2302 morientium
651 2233 810 2296 territam:
847 2232 963 2317 diuque
987 2234 1071 2297 circa

61 2342 182 2404 equum
195 2319 371 2384 Alexandri
392 2319 544 2404 pendenti
566 2320 680 2404 magis,
704 2342 800 2403 quam
818 2321 941 2385 volanti
955 2321 1071 2385 similis

62 2408 220 2491 adparuit.
269 2405 363 2473 Certe
390 2411 479 2472 22222
506 2408 697 2472 Aristander
724 2408 798 2471 alba
823 2411 913 2473 22222
940 2408 1070 2472 indutus
1089 2427 1122 2476 22

61 2501 96 2560 22
119 2497 230 2561 dextra
251 2494 435 2581 praeferens
457 2496 599 2560 lauream
622 2495 777 2560 militibus
800 2495 835 2558 in
857 2515 1001 2579 pugnam
1023 2496 1071 2559 in-

60 2585 161 2649 tentis
185 2606 276 2650 avem
298 2585 509 2668 monstrabat,
530 2583 617 2648 haud
640 2584 772 2648 dubium
795 2582 1071 2665 victoriaeauspi·

61 2673 157 2737 cium.
191 2670 311 2757 Ingens
333 2692 410 2756 ergo
434 2672 582 2736 alacritas
606 2675 639 2736 et
660 2670 777 2734 fiducia
797 2670 894 2752 paulo
917 2672 991 2734 ante
1009 2672 1071 2733 ter·
1089 2689 1123 2738 22

59 2762 144 2825 ritos
176 2760 321 2825 accendit
352 2760 392 2824 ad
423 2781 580 2844 pugnam,
612 2760 723 2842 utique
754 2761 926 2841 postquam
958 2758 1072 2843 auriga

60 2847 171 2931 Darei,
206 2849 262 2932 qui
293 2852 366 2913 ante
398 2849 504 2932 ipsum
536 2847 651 2912 sedens
681 2867 780 2929 equos
806 2847 950 2931 regebat,
977 2845 1072 2911 hasta

60 2937 236 3002 2222221222
263 2940 321 3002 222.
365 2935 433 3001 Nec
460 2939 516 2999 aut
541 2935 658 2999 Persae
685 2937 741 2998 aut
762 2933 953 3000 Macedones
981 2935 1071 3000 dubi·

60 3028 178 3108 tavere,
201 3025 279 3111 quin
302 3027 371 3109 ipse
393 3045 450 3088 rex
472 3027 557 3088 esset
579 3025 710 3089 occisus.
745 3022 835 3108 Ergo
855 3023 984 3108 lugubri
1001 3024 1070 3088 ulu·
1090 3041 1123 3089 22

61 3115 131 3178 latu
154 3117 187 3178 et
208 3113 373 3179 incondito
395 3113 534 3176 clamore
557 3113 741 3198 gemituque
763 3114 870 3186 totam,
885 3111 952 3175 fere
971 3111 1071 3175 aciem

63 3202 168 3266 adhuc
208 3213 310 3287 aequ'o
347 3200 452 3264 Marte
487 3202 701 3285 pugnantium
736 3200 905 3265 turbavere
942 3199 1072 3284 cognati

60 3287 161 3354 Darei
184 3292 217 3354 22
238 3289 403 3374 armigeri:
425 3289 615 3373 laevumque
635 3310 735 3354 cornu
753 3287 788 3351 in
805 3287 916 3372 fugem
935 3287 1071 3351 effusum

61 3378 252 3442 destituerat
283 3399 423 3460 currum,
459 3398 553 3461 quem
586 3399 605 3441 a
636 3377 748 3440 dextra
777 3378 869 3458 parte
900 3375 1010 3458 stipati
1038 3375 1072 3437 in

60 3466 204 3531 medium
241 3487 358 3551 agmen
388 3468 584 3550 receperunt.
642 3463 769 3528 Dicitur
800 3464 927 3528 acinace
959 3463 1071 3526 stricto
1090 3481 1123 3529 2ο

60 3553 188 3620 Dareus
220 3554 398 3639 dubitasse,
434 3576 476 3618 22
506 3553 603 3638 fugae
635 3552 773 3643 dedecus
800 3551 950 3617 bonesta
974 3551 1090 3610 morte
