2422 3892
181 150 246 213 230
552 146 583 211 o.
602 144 817 201 cuunraurr

146 292 294 359 edeinde
314 291 461 376 Gangen,
483 291 659 355 maximum
682 291 784 354 totius
807 287 916 353 Indiae
940 286 1139 354 fluminum:
1160 288 1201 353 ul·

180 382 332 448 teriorem
359 381 464 463 ripam
492 379 597 443 colere
625 382 738 463 gentes
766 375 972 460 Gangaridas
1006 380 1045 441 et
1072 376 1201 441 Prasios

182 490 355 552 eorumque
382 487 492 552 regem
515 486 585 530 esse
608 466 843 549 Aggrammen,
870 482 920 529 xx
943 463 1088 529 milibus
1119 464 1201 549 equi·

147 561 252 623 ctum
280 555 488 638 ducentisque
518 554 664 637 peditum
694 553 894 617 obsidentem
922 551 1006 617 rias.
1060 550 1119 617 Ad
1145 551 1201 617 hoc

181 644 410 730 quadrigarum
427 658 454 706 11
472 641 564 705 milia
580 640 709 704 trahere
727 643 772 722 et,
794 638 1007 723 praecipuum
1029 642 1199 723 terrorem,

182 732 382 815 elephantos,
406 746 545 813 qu0s111
567 728 692 792 milium
713 748 882 791 numerum
900 726 1036 809 explere
1059 726 1198 793 dicebat

149 818 390 884 elncredibilia
416 816 487 899 regi
509 816 618 881 omnia
639 814 839 880 videbantur.
878 814 986 899 Igitur
1012 813 1145 881 Porum
1163 852 1200 863 -

182 929 258 970 nam
281 926 353 969 cum
372 926 410 970 eo
429 908 499 969 erat
516 906 792 988 -percontatur,
815 923 858 966 an
876 922 952 967 vera
965 906 1099 985 essent,
1121 926 1200 988 quae

149 995 373 1059 edicerentur.
417 993 490 1058 Ille'
505 993 590 1057 vires
616 991 745 1074 quidem
775 991 884 1074 gentis
916 992 950 1054 et
979 990 1080 1075 regni
1115 991 1200 1059 haud

182 1082 267 1146 falso
300 1081 414 1145 iactari
451 1080 613 1145 adfirmat:
647 1083 801 1161 ceterum,
838 1078 894 1162 qui
924 1082 1100 1165 regnaret,
1139 1102 1200 1146 non

183 1169 279 1234 modo
298 1170 474 1254 ignobilem
494 1190 578 1251 esse,
597 1166 770 1232 sedetiam
788 1166 922 1231 ultimae
941 1164 1056 1250 sortis,
1078 1170 1200 1254 quippe

183 1262 309 1342 patrem
327 1258 406 1337 eius,
419 1262 584 1322 tonsorem
598 1255 651 1319 vix
665 1254 778 1319 diurno
793 1257 929 1339 quaestu
946 1256 1200 1337 propulsantem

182 1346 316 1429 famem,
339 1348 472 1430 propter
494 1344 643 1409 habitum
664 1342 750 1408 haud
771 1343 956 1407 indecorum
979 1343 1073 1409 cordi
1098 1344 1200 1411 fuisse

24 1440 28 1447 '
152 1436 325 1518 treginae.
365 1433 417 1497 Ab
437 1454 475 1496 ea
492 1433 526 1495 in
549 1432 732 1514 propiorem
752 1432 830 1515 eius,
849 1431 905 1514 qui
921 1434 992 1495 tum
1013 1438 1199 1515 regnasset,

183 1521 343 1585 amicitiae
362 1520 469 1584 locum
483 1519 647 1582 admotum
660 1519 830 1584 interfecto
843 1540 881 1584 eo
899 1540 957 1603 per
974 1516 1120 1586 insidias
1141 1522 1200 1587 sub

183 1608 288 1692 specie
315 1609 436 1673 tutelae
464 1606 601 1671 liberum
623 1606 690 1671 eius
717 1608 874 1672 invasisse
896 1626 1034 1692 regnum
1056 1610 1200 1675 necatis

184 1717 245 1780 que
267 1696 376 1780 pueris
394 1696 493 1778 hunc,
512 1698 566 1779 qui
584 1716 670 1760 nunc
691 1699 821 1780 regnat,
843 1715 1029 1782 generasse,
1050 1696 1200 1763 invisum

183 1784 343 1869 vilemque
366 1785 587 1868 popularibus,
615 1784 727 1868 magis
741 1787 895 1866 paternae
915 1782 1069 1851 fortunae
1098 1806 1198 1870 quam

23 1889 28 1915 ³
149 1884 260 1936 esuae
292 1894 475 1938 memorem.
520 1871 713 1937 Adfirmatio
736 1871 812 1937 Pori
840 1872 1056 1959 multiplicem
1084 1876 1200 1940 animo

183 1961 268 2044 regis
296 1961 450 2025 iniecerat
477 1981 596 2024 curam.
635 1959 774 2024 Hostem
801 1961 976 2044 beluasque
1005 1963 1196 2047 spernebat,

148 2060 164 2108 9
184 2048 283 2111 situm
306 2047 452 2110 locorum
474 2050 507 2109 et
529 2047 595 2111 vim
623 2047 792 2111 fluminum
817 2048 1056 2115 extimescebat
1103 2050 1200 2116 Rele-

183 2137 279 2218 gatos
306 2134 340 2196 in
368 2133 518 2197 ultimum
544 2154 646 2217 paene
669 2157 776 2199 rerum
797 2135 1010 2202 humanarum
1041 2140 1201 2224 persequi

182 2221 356 2286 terminum
380 2226 413 2287 et
433 2243 543 2286 eruere
565 2222 700 2286 arduum
719 2222 899 2290 videbatur:
922 2246 1033 2290 rursus
1054 2227 1200 2293 avaritia

7 2358 10 2365 .
183 2309 306 2394 gloriae
325 2312 358 2373 et
375 2310 572 2374 insatiabilis
591 2309 708 2393 cupido
726 2310 833 2374 famae
851 2312 934 2376 nihil
953 2312 1091 2396 invium,
1111 2314 1200 2379 nihil

23 2406 28 2473 g
133 2409 165 2458 ιο
182 2402 342 2463 remotum
369 2398 471 2462 videri
501 2398 635 2463 sinebat
676 2396 722 2461 Et
747 2398 908 2463 interdum
936 2399 1127 2487 dubitabat,
1157 2425 1200 2468 an

23 2480 28 2509 ¹
182 2484 387 2570 Macedones,
409 2490 462 2551 tot
483 2486 605 2551 emensi
627 2486 734 2568 spatia
758 2490 930 2571 terrarum,
952 2489 987 2551 in
1009 2487 1079 2553 acie
1105 2493 1145 2554 et
1165 2490 1201 2556 in

183 2574 298 2639 castris
318 2594 410 2639 senes
429 2574 516 2656 facti,
533 2597 591 2658 per
609 2574 734 2638 obiecta
752 2574 892 2654 flumina,
910 2597 968 2659 per
985 2578 1036 2640 tot
1054 2580 1200 2643 naturae

183 2662 349 2727 obstantes
368 2661 577 2726 difficultates
596 2661 734 2725 secuturi
753 2666 872 2726 essent:
894 2662 1096 2729 abundantes
1119 2688 1201 2731 onu-

183 2755 314 2833 stosque
332 2749 452 2832 praeda
464 2750 569 2832 magis
583 2752 678 2831 parta
694 2749 758 2813 frui
772 2750 864 2831 velle,
882 2772 978 2834 quam
993 2750 1201 2835 adquirenda

24 2884 29 2907 ,
132 2849 163 2897 11
183 2837 323 2921 fatigari
370 2834 445 2901 Non
472 2836 557 2900 idem
585 2837 648 2900 sibi
676 2839 709 2901 et
735 2838 893 2903 militibus
921 2838 1021 2903 animi
1047 2861 1140 2926 esse,
1169 2863 1202 2910 se

182 2924 285 2988 totius
317 2923 407 2987 orbis
442 2924 612 3006 imperium
648 2927 756 2989 mente
792 2926 983 3008 conplexum
1016 2926 1124 2994 adhuc
1164 2932 1202 2997 in

183 3032 317 3094 operum
339 3031 470 3076 suorum
492 3011 669 3093 primordio
693 3016 793 3078 stare:
816 3014 954 3079 militem
974 3014 1088 3081 labore
1107 3017 1202 3085 defa-

26 3158 29 3163 .
182 3099 323 3183 tigatum
355 3099 539 3182 proximum
570 3120 726 3184 quemque
762 3100 903 3166 fructum
934 3102 1027 3166 finito
1058 3107 1203 3174 tandem

27 3256 30 3261 ¹
132 3199 164 3246 12
183 3186 326 3269 periculo
351 3190 509 3270 expetere.
549 3186 639 3251 Vicit
659 3208 735 3272 ergo
760 3190 873 3273 cupido
901 3190 1061 3255 rationem
1091 3197 1126 3258 et
1158 3198 1204 3263 ad

182 3275 363 3338 contionem
391 3275 513 3340 vocatis
541 3275 699 3341 militibus
723 3277 763 3340 ad
791 3277 876 3342 hunc
899 3277 1038 3343 maxime
1061 3282 1204 3351 medum

182 3361 345 3427 disseruit:
387 3362 473 3428 ‘Non
498 3364 627 3449 ignoro,
655 3364 790 3448 milites,
820 3366 937 3450 multa,
963 3387 1044 3450 quae
1071 3371 1204 3441 terrere

181 3471 239 3517 vos
257 3455 400 3536 possent,
419 3452 460 3516 ab
477 3452 591 3516 incolis
604 3450 714 3517 Indiae
732 3473 790 3536 per
807 3452 867 3518 hos
886 3453 954 3518 dies
974 3453 1013 3518 de
1030 3455 1206 3529 industria

120 3549 157 3597 13
174 3560 245 3604 esse
262 3540 395 3608 iactata
433 3538 497 3608 Sed
516 3562 584 3608 non
602 3543 653 3606 est
669 3540 842 3624 inprouisa
856 3542 955 3603 uobis
969 3544 1163 3608 mentienti
1180 3583 1199 3606 u
