2422 3892
121 131 184 194 192
490 135 521 201 Q.
542 134 652 190 OURTI
669 135 756 191 RUFI

118 276 220 361 deret,
254 299 317 362 quo
352 278 479 345 facilius
516 280 610 345 venia
645 279 696 343 illi
727 299 854 363 quoque
888 280 1141 366 impetraretur.

65 373 96 422 31
118 364 336 431 Praemissum
362 367 464 450 igitur
491 366 634 433 Oxarten
661 388 735 432 cum
762 370 866 433 matre
893 367 1089 454 liberisque
1105 376 1141 437 ‘et

118 454 218 518 totius
242 454 443 537 cognationis
462 474 560 539 grege
580 455 788 539 sequebatur,
809 476 851 520 ne
869 460 1057 539 expectato
1077 460 1141 544 qui·

65 550 99 597 83
119 541 192 606 dem
226 542 302 606 fidei
332 542 482 627 pignore,
518 542 603 627 quod
636 541 771 608 Oxartes
803 543 1018 626 promiserat.
1074 545 1140 613 Rex

119 630 226 713 equite
252 630 444 713 praemisso,
473 631 528 715 qui
550 631 667 695 reverti
695 651 750 696 eos
773 630 899 695 iuberet
921 652 969 716 op
994 634 1140 720 oririque
1186 656 1188 715 l

117 718 336 800 praesentiam
367 718 483 803 ipsius,
517 717 702 802 supervenit
734 721 768 783 et
793 718 934 784 victimis
1008 722 1139 789 ’nervae

119 826 156 868 ac
178 804 345 870 Victoriae
372 804 474 871 caesis
501 806 670 890 imperium
694 803 871 871 Sisimithri
897 808 1057 875 restituit
1086 832 1140 896 spa

118 892 251 956 maioris
275 892 373 957 etiam
395 894 581 977 provinciae
603 895 699 977 facta,
721 894 750 958 si
773 915 846 959 cum
867 893 930 958 fide
951 897 1140 965 amicitiam

66 989 99 1037 33
118 979 220 1061 ipsius
244 980 406 1046 coluisset.
450 981 541 1047 Duos
567 982 618 1046 illi
639 982 770 1047 iuvenes
793 984 886 1065 patre
907 983 1074 1052 tradente
1097 1009 1139 1053 se-

119 1088 191 1131 cum
213 1068 414 1135 militaturos
437 1071 528 1154 sequi
549 1071 653 1135 iussit

65 1165 100 1214 aa
206 1156 332 1223 Relicta
354 1157 468 1223 deinde
490 1158 650 1242 phalange
673 1157 713 1222 ad
733 1156 927 1243 subigendos
947 1156 1138 1249 Sogdianos,
1147 1163 1173 1229 ld

118 1244 174 1327 qui
196 1244 394 1330 defecerant,
416 1267 489 1312 cum
511 1246 619 1330 equite
641 1246 807 1330 processit
841 1245 1005 1337 Arduum
1032 1255 1071 1316 et
1093 1253 1138 1317 in·

117 1333 261 1415 peditum
285 1334 371 1398 saxis
399 1334 463 1399 iter
489 1334 595 1417 primo
622 1337 796 1418 utcumque
822 1333 1032 1421 tolerabant,
1064 1361 1139 1407 mox

118 1440 273 1504 equorum
301 1441 367 1484 non
393 1421 524 1504 ungulis
556 1421 650 1486 modo
678 1420 816 1504 attritis,
850 1421 906 1487 sed
938 1427 1138 1508 corporibus
1186 1440 1188 1451 '

118 1508 216 1571 etiarn
239 1507 388 1591 fatigatis
418 1508 509 1592 requi
535 1508 681 1593 plerique
702 1530 768 1574 non
790 1511 944 1592 poterant
968 1514 1005 1577 et
1030 1516 1138 1581 rarius

118 1594 253 1660 subinde
279 1616 394 1680 agmen
416 1596 515 1661 fiebat
536 1595 705 1681 pudorem,
731 1599 768 1661 ut
789 1596 856 1661 fere
878 1597 930 1680 fit,
953 1596 1137 1669 immodico
1168 1624 1172 1633 ·

65 1700 99 1749 33
118 1683 228 1748 labore
260 1683 416 1750 vincente.
465 1683 534 1749 Rex
561 1688 672 1750 tamen
701 1684 836 1750 subinde
869 1705 969 1768 equos
997 1694 1137 1757 mutans

119 1773 189 1836 sine
225 1772 462 1837 intermissione
498 1773 657 1858 fugientes
693 1772 929 1856 insequebatur.
990 1773 1138 1845 Nobiles

118 1860 249 1925 iuvenes
282 1861 431 1927 comitari
462 1883 535 1926 eum
567 1861 656 1926 soliti
684 1859 866 1925 defecerant
896 1864 1034 1943 praeter
1063 1864 1138 1932 Phi·

117 1948 251 2030 lippum.
295 1946 483 2031 Lysimachi
505 1951 574 2013 erat
596 1949 710 2031 frater,
736 1949 806 2012 tum
832 1948 974 2032 primum
999 1951 1138 2021 adultus

65 2052 99 2099 33
119 2037 164 2116 31,
187 2034 272 2116 quod
294 2035 389 2099 facile
413 2035 594 2120 adpareret,
619 2036 739 2100 indolis
762 2057 864 2102 rarae.
906 2034 939 2098 Is
961 2038 1072 2119 pedes
1096 2078 1137 2089 -

118 2120 305 2185 incredibile
324 2121 412 2187 dictu
434 2158 471 2168 -
493 2144 551 2205 per
571 2140 597 2187 1>
620 2123 725 2188 stadia
746 2127 872 2188 vectum
894 2143 1008 2208 regam
1034 2130 1137 2197 comi-

117 2212 206 2273 tatus
238 2212 302 2293 est,
339 2230 434 2293 saepe
467 2232 583 2294 equum
616 2233 709 2276 suum
741 2210 894 2276 offerente
920 2209 1137 2303 Lysimacho,

117 2317 176 2361 nec
198 2300 320 2380 tamen,
342 2300 381 2361 ut
402 2297 623 2384 digrederetur
645 2321 665 2364 a
687 2320 778 2384 rege,
801 2299 885 2363 effici
907 2300 1036 2387 potuit,
1062 2327 1137 2373 cnm

65 2403 99 2452 33
117 2385 218 2450 lorica
238 2385 369 2450 indutus
393 2409 483 2452 arma
505 2390 657 2472 gestaret.
702 2385 805 2470 Idem,
832 2408 904 2451 cum
931 2397 1137 2470 perventum

119 2478 204 2538 esset
222 2474 256 2537 in
275 2475 403 2559 saltum,
424 2475 458 2539 in
477 2497 539 2558 quo
558 2496 592 2539 se
610 2474 742 2539 barbari
761 2473 964 2559 abdiderant,
982 2480 1138 2547 nobilem

118 2560 219 2627 edidit
245 2583 389 2648 pugnam
418 2583 591 2648 regemque
613 2560 792 2627 comminus
816 2584 889 2628 cum
914 2562 1013 2629 hoste
1039 2568 1138 2635 dimi·

65 2666 98 2716 33
118 2655 245 2714 cantem
258 2651 409 2733 protexit.
451 2650 514 2717 Sed
527 2654 699 2735 postquam
714 2650 844 2715 barbari
857 2650 891 2715 in
905 2649 1022 2734 fugam
1039 2656 1137 2723 effusi

118 2737 285 2802 deseruere
305 2737 413 2821 silvas,
437 2738 571 2821 animus,
595 2739 651 2822 qui
673 2739 708 2802 in
731 2738 843 2803 ardore
863 2758 991 2823 pugnae
1012 2763 1137 2829 corpus

118 2827 370 2909 sustentaverat,
401 2825 498 2910 liquit
530 2825 699 2910 subitoque
728 2848 766 2891 ex
794 2826 943 2891 omnibus
971 2833 1137 2899 membris

117 2909 249 2994 profuso
277 2911 393 2976 sudore
421 2913 546 2979 arboris
574 2915 739 2997 proximae
766 2913 872 2997 stipiti
900 2935 934 2978 se
962 2914 1138 3001 adplicuit.

65 3022 99 3071 aa
117 2998 242 3064 Deinde
264 3021 305 3063 ne
327 3000 385 3064 illo
410 3000 538 3085 quidem
562 3002 755 3067 adminiculo
775 3002 956 3067 sustinente
975 3008 1139 3076 manibus

117 3088 203 3174 regis
231 3092 383 3172 exceptus
412 3092 475 3172 est,
501 3089 586 3154 inter
613 3112 691 3175 quas
720 3090 890 3173 conlapsus
918 3090 1139 3177 extinguitur.

65 3195 99 3244 40
117 3176 278 3242 Maestum
305 3192 415 3260 regem
440 3177 523 3242 alius
545 3178 631 3243 haud
653 3176 734 3244 levis
757 3178 851 3242 dolor
876 3178 1009 3261 excepit
1059 3182 1139 3251 Eri-

118 3264 211 3348 gyius
239 3266 323 3330 inter
346 3266 449 3332 claros
472 3266 567 3331 duces
590 3265 709 3331 fuerat:
733 3287 827 3350 quem
851 3266 1033 3332 extinctum
1060 3292 1137 3339 essa
1186 3302 1188 3341 :

117 3354 214 3435 paulo
248 3357 336 3435 ante,
373 3376 469 3438 quam
500 3357 714 3421 reverteretur
745 3353 779 3418 in
811 3358 931 3438 castra,
963 3360 1138 3440 cognovit

117 3438 293 3527 Utriusque
315 3441 411 3507 funus
435 3443 524 3507 omni
546 3445 705 3528 apparatu
728 3444 824 3525 atqua
844 3442 967 3506 honore
986 3444 1140 3516 celebra·

97 3530 169 3594 turn
195 3535 253 3599 est
