2422 3892
116 139 180 203 206
488 138 520 204 Q.
539 140 650 195 OURTI
667 140 752 195 RUFI
769 180 774 191 .

116 285 268 365 excitare,
292 305 334 347 ne
356 284 492 346 invisam
512 282 594 346 mihi
616 282 847 347 liberalitatem
866 303 975 346 meam
998 281 1135 367 faciam,

116 373 144 437 si
166 371 281 455 pudori
303 374 409 434 vestro
434 389 564 453 gravem
588 368 701 433 fecero.
733 369 850 435 Totum
874 370 1056 435 exercitum
1081 371 1134 435 ad·

116 461 242 544 spicite:
275 458 331 543 qui
357 458 455 541 paulo
483 461 559 521 ante
585 456 668 520 nihil
694 460 824 540 praeter
852 479 943 522 arma
971 457 1133 543 habebat,

115 568 200 612 nunc
235 546 395 631 argenteis
429 545 526 609 cubat
561 544 665 609 lectis:
705 567 832 610 mensas
867 566 945 610 auro
978 550 1135 630 onerant,

117 655 279 699 servorum
303 652 417 717 greges
441 632 574 714 ducunt,
602 632 707 715 spolia
729 632 768 696 de
790 632 939 697 hostibus
963 633 1133 698 sustinere

65 734 97 781 1⁰
115 744 182 787 non
198 724 343 804 possunt.
376 720 422 783 At
441 719 526 784 enim
545 719 671 801 Persae,
690 741 770 803 quos
788 720 933 802 vicimus,
951 719 988 783 in
1005 742 1134 806 magno

115 809 238 874 honore
261 811 337 872 sunt
363 807 448 890 apud
474 807 540 871 mel
584 807 744 891 Equidem
771 807 1006 872 moderationis
1037 831 1134 874 meae

117 895 332 962 certissimum
368 894 521 959 indicium
558 898 620 977 est,
661 895 744 978 quod
782 916 823 959 ne
860 895 955 960 victis
995 896 1134 979 quidem

117 983 253 1066 superbe
269 983 402 1066 impero.
438 981 521 1047 Veni
539 983 626 1047 enim
643 982 677 1046 in
691 982 819 1066 Asiam,
841 1003 906 1047 non
923 986 962 1047 ut
979 982 1133 1049 funditus

117 1076 293 1136 everterem
316 1074 429 1156 gentes
451 1090 511 1135 nec
533 1073 569 1134 ut
595 1070 727 1135 dimidia
750 1073 842 1154 parte
864 1073 1027 1135 terrarum
1054 1072 1133 1138 soli-

116 1159 260 1225 tudinem
282 1158 432 1237 facerem,
457 1158 512 1223 sed
531 1162 569 1222 ut
591 1158 679 1241 illos,
702 1179 782 1242 quos
806 1157 893 1223 bello
912 1157 1132 1242 subegissem,

66 1261 96 1309 11
116 1248 273 1313 victoriae
291 1268 382 1311 meae
403 1267 469 1311 non
490 1247 680 1329 paeniteret.
716 1245 998 1329 ltaque-militant
1014 1247 1132 1313 vobis-

116 1358 204 1418 cum,
239 1356 298 1419 pro
334 1335 470 1418 imperio
501 1337 609 1399 vestro
645 1333 835 1417 sanguinem
872 1332 1030 1417 fundunt,
1077 1336 1133 1420 qui

116 1423 253 1507 superbe
265 1422 372 1486 habiti
384 1420 603 1486 rebellassent.
635 1419 710 1485 Non
724 1425 773 1486 est
785 1422 938 1486 diuturna
950 1423 1134 1507 possessio,

116 1512 150 1574 in
179 1530 275 1593 quam
302 1508 410 1592 gladio
437 1507 632 1573 inducimur:
660 1509 888 1574 beneficiorum
911 1510 1021 1594 gratia
1047 1531 1133 1577 sem·

66 1612 97 1660 12
116 1599 244 1681 piterna
267 1600 325 1660 est.
369 1592 404 1660 si
426 1595 544 1660 habere
566 1595 693 1678 Asiam,
715 1618 781 1661 non
803 1596 942 1662 transire
965 1596 1134 1683 volumus,

116 1707 188 1750 cum
214 1684 266 1748 his
290 1683 554 1749 communicanda
577 1686 627 1749 est
653 1687 765 1749 nostra
793 1684 977 1749 clementia:
1007 1684 1133 1751 borum

114 1774 195 1838 fides
224 1773 339 1837 stabile
366 1777 400 1837 et
424 1775 590 1837 aeternum
617 1772 715 1837 faciet
742 1772 922 1855 imperium.
971 1771 1018 1837 nt
1052 1795 1133 1839 sane

114 1863 189 1945 plus
208 1860 377 1942 habemus,
400 1881 496 1943 quem
515 1861 668 1943 capimus.
703 1859 902 1925 Insatiabilis
921 1864 1032 1924 autem
1054 1883 1132 1928 ava·

115 1951 192 2013 rit'ra
220 1952 268 2012 est
300 1947 403 2012 adhuc
434 1948 558 2030 inplere
584 1948 681 2031 velle,
715 1947 800 2031 quod
831 1948 897 2012 iam
924 1948 1132 2016 circumfluit

116 2036 347 2101 Verumtamen
375 2055 484 2099 eorum
510 2053 608 2100 merce
634 2035 668 2098 in
693 2034 886 2101 Macedonas
919 2034 1131 2103 transfundo!

65 2135 97 2182 13
116 2123 155 2186 In
181 2122 292 2185 multis
316 2121 401 2185 enim
425 2121 575 2206 gentibus
599 2143 668 2187 esse
691 2123 797 2207 video,
820 2144 901 2207 quac
923 2144 990 2187 non
1012 2125 1132 2190 erube-

117 2230 243 2275 scamus
265 2209 402 2273 imitari:
426 2230 485 2273 nec
503 2208 599 2273 aliter
621 2214 750 2275 tantum
768 2211 940 2294 imperium
958 2215 1037 2294 apte
1057 2214 1132 2298 regi

115 2301 237 2381 potest,
270 2319 366 2380 quam
398 2299 436 2362 ut
466 2297 622 2381 quaedam
654 2303 687 2362 et
719 2299 884 2362 tradamus
917 2298 984 2362 illis
1016 2302 1055 2362 et
1088 2300 1130 2366 ab

64 2397 98 2444 14
116 2386 217 2450 isdem
240 2385 411 2450 discemus.
454 2384 539 2449 Illud
561 2406 663 2468 paene
685 2385 819 2470 dignum
841 2386 908 2450 risu
930 2385 1007 2468 fuit,
1038 2387 1172 2472 quadra

115 2473 308 2538 Hermolaus
325 2473 514 2556 postulabat
532 2495 552 2538 a
571 2494 636 2552 me,
654 2477 692 2537 ut
709 2495 874 2539 aversarer
889 2472 1014 2556 Iovem,
1033 2476 1131 2540 cuius

66 2571 96 2620 15
117 2562 245 2627 oraculo
273 2562 461 2645 adgnoscor.
513 2559 563 2624 An
590 2561 702 2645 etiam,
737 2562 813 2645 quid
841 2562 874 2626 di
901 2561 1134 2648 respondeant,

116 2650 151 2714 in
173 2671 245 2714 mea
266 2652 428 2732 potestate
451 2648 523 2713 est?
559 2647 686 2713 Obtulit
706 2670 823 2714 nomen
845 2647 907 2713 filii
928 2647 1022 2714 mibi:
1047 2652 1132 2717 reci·

115 2736 731 2906 tilladilslebqult,tuaieuiiillsi
759 2736 1159 2893 tttttttmsttt·

117 2909 202 2974 enim
225 2911 313 2991 bella
331 2913 482 2975 constant
501 2912 534 2974 et
557 2931 652 2993 saepe
676 2912 788 2994 etiam,
812 2911 897 2996 quod
919 2912 1003 2976 falso
1024 2914 1132 2980 credi·

66 3009 97 3056 16
116 3002 186 3061 tum
219 3001 281 3081 est,
312 2997 380 3061 veri
412 2998 514 3062 vicem
542 2998 692 3063 obtinuit.
741 3000 794 3063 An
826 3021 877 3064 me
904 2999 1053 3065 luxuriae
1084 3003 1133 3067 in·

116 3086 302 3170 dulgentem
324 3085 448 3168 putatis
471 3106 562 3150 arma
582 3089 689 3150 vestra
712 3107 791 3152 auro
811 3090 1009 3172 argentoque
1032 3089 1133 3156 ador·

115 3176 232 3239 nasse?
274 3174 427 3238 Adsuetis
449 3172 531 3237 nihil
554 3174 650 3239 vilius
673 3174 735 3239 hac
756 3175 863 3239 videre
882 3175 1017 3240 materia
1035 3172 1133 3244 volui

116 3263 298 3345 ostendere,
321 3261 514 3328 Macedonas
532 3262 670 3327 invictos
691 3264 806 3328 ceteris
829 3285 869 3328 ne
892 3285 971 3328 auro
994 3263 1131 3346 quidem

66 3362 96 3408 17
116 3349 210 3413 vinci.
256 3348 373 3415 Oculos
397 3371 474 3435 ergo
501 3350 641 3434 primum
665 3371 775 3415 eorum
802 3350 931 3416 sordida
959 3351 1073 3417 omnia
1098 3358 1134 3419 et

116 3437 253 3500 humilia
272 3439 509 3521 expectantium
532 3437 656 3521 capiam
676 3441 709 3501 et
730 3438 863 3522 docebo,
885 3460 944 3504 nos
964 3440 1034 3503 non
1055 3442 1133 3507 auri

101 3529 164 3590 aut
187 3526 324 3614 argenti
350 3527 503 3615 cupidos,
532 3526 590 3593 sed
613 3526 728 3591 orbem
750 3530 916 3589 terrarum
938 3526 1135 3592 subeam
