2422 3892
235 171 488 226 HISTORIARUM
507 170 720 227 ALEXANDRI
739 171 816 239 VIII,
837 178 878 225 12.
900 176 940 227 13.
1024 169 1089 234 219

84 315 241 397 fluminis,
264 315 349 400 quod
370 316 601 380 transeundum
624 318 706 398 erat,
727 313 917 400 magnitudo
939 314 1092 380 terrebat.

84 419 138 467 1111
165 403 199 466 iu
225 403 428 468 latitudinem
460 404 565 469 stadia
592 403 726 468 diffusus
753 401 912 486 profundo
940 403 1031 467 alveo
1059 404 1092 466 et

84 511 245 574 nusquam
271 491 354 557 vada
380 493 543 576 aperiente
571 491 710 575 speciem
732 491 818 555 vasti
840 490 940 554 maris
962 489 1091 554 fecerat

84 577 154 642 Nec
180 599 240 662 pro
268 580 374 663 spatio
404 602 561 664 aquarum
588 580 656 645 late
684 579 907 664 stagnantium
934 579 1126 660 impetumo

85 667 267 750 coercebat,
290 668 345 732 sed
369 669 460 751 quasi
478 670 512 733 in
530 671 637 733 artum
656 668 845 733 coeuntibus
865 667 946 750 ripis
964 669 1091 729 torrens

85 756 119 817 et
149 753 248 819 elisus
279 755 456 840 ferebatur,
488 757 677 841 occultaque
709 778 796 820 saxa-
813 755 918 820 inesse
945 753 1092 818 ostende·

84 840 166 906 bant
196 843 343 925 pluribus
384 844 465 909 locis
496 845 601 909 undae
631 864 846 927 repercussae.
899 842 1090 907 Terribilior
1110 852 1144 901 10

83 929 182 995 facies
197 935 266 995 erat
279 932 378 1017 ripae,
396 954 494 1016 quam
512 933 586 1017 equi
603 932 728 1015 virique
747 931 983 1015 conpleverant.
1020 928 1090 994 Sta-

84 1017 165 1082 bant
200 1019 348 1102 ingentes
380 1023 545 1085 vastorum
577 1041 747 1104 corporum
778 1020 879 1085 moles
911 1023 943 1082 et
974 1018 1013 1082 de
1044 1018 1091 1081 in-

85 1105 209 1168 dustria
239 1106 391 1171 inritatae
423 1107 581 1173 horrendo
614 1107 752 1173 stridore
780 1128 872 1171 aures
899 1106 1091 1189 fatigabant.

84 1191 171 1256 Hinc
198 1194 315 1278 amnis,
341 1194 419 1260 bino
445 1195 551 1260 hostis
580 1195 712 1279 capacia
739 1195 868 1279 quidem
894 1194 998 1258 bonae
1021 1193 1091 1276 spei
1111 1205 1140 1253 11

84 1283 219 1363 pectora
246 1284 279 1345 et
305 1303 402 1367 saepe
430 1305 465 1348 se
488 1287 618 1366 experta
644 1283 809 1367 inproviso
835 1285 946 1346 tamen
971 1302 1091 1364 pavore

84 1389 234 1450 percusse
255 1374 339 1435 rant.
383 1369 507 1455 Quippe
534 1372 702 1436 instabiles
724 1374 813 1435 rates
840 1391 899 1434 nec
925 1369 1021 1452 dirigi
1051 1368 1092 1432 ad

84 1457 190 1610 litt
214 1457 1144 1632 111111111111111111111

613 1598 622 1632 7

85 1633 183 1697 dones
210 1637 325 1698 nantes
352 1635 468 1699 levatis
500 1657 597 1720 snper
628 1635 735 1718 capita
767 1635 866 1699 armis
897 1634 1092 1698 transibant

84 1718 137 1784 Ibi
160 1721 245 1785 levia
267 1722 391 1804 proelia
411 1724 660 1788 conserebantur
682 1727 715 1786 et
736 1726 872 1806 uterque
893 1742 950 1786 rex
972 1741 1092 1804 parvae

84 1809 132 1873 rei
151 1808 334 1873 discrimine
353 1830 497 1874 summae
512 1810 735 1894 experiebatur
750 1812 908 1874 eventum.
940 1806 1092 1874 Ceterum
1112 1820 1144 1868 13

84 1897 118 1960 iu
144 1895 355 1962 Macedonum
386 1897 529 1963 exercitu
555 1899 736 1963 temeritate
764 1901 860 1981 atque
888 1895 1093 1961 1111111111-

85 1986 194 2069 signes
221 1985 310 2050 fuere
337 1983 549 2070 Symmachus
577 1991 609 2052 et
630 1986 787 2070 Nicanor,
812 1986 937 2050 nobiles
960 1986 1091 2048 iuvenes

85 2077 118 2137 et
148 2077 305 2157 perpetua
336 2075 477 2157 partium
504 2076 660 2140 felicitate
688 2073 729 2138 ad
757 2074 971 2158 spernendum
998 2093 1093 2138 omne

84 2162 262 2244 periculum
279 2165 413 2228 accensi.
450 2163 528 2240 Quis
545 2164 679 2229 ducibus
692 2162 928 2247 promptissimi
941 2162 1092 2227 iuvenum
1113 2173 1146 2221 14

85 2250 206 2315 lanceis
237 2251 332 2316 modo
364 2254 481 2317 armati
511 2256 722 2317 transnavere
747 2253 782 2316 in
808 2251 964 2332 insulam,
996 2270 1092 2333 quam

84 2339 235 2422 frequens
258 2339 362 2404 hostis
385 2340 529 2424 tenebat,
551 2341 735 2424 multosque
757 2337 922 2421 Indorum,
943 2337 1035 2400 nulla
1057 2357 1093 2398 re

85 2427 201 2493 melius
237 2449 333 2512 quam
368 2427 502 2493 audacia
533 2428 663 2511 armati,
698 2428 939 2491 interemerunt.
992 2422 1093 2488 Abire
1113 2437 1145 2484 15

85 2537 158 2581 cum
185 2516 290 2599 gloria
316 2519 481 2598 poterant,
513 2517 541 2580 si
569 2537 721 2600 umquam
749 2514 915 2579 temeritas
942 2511 1020 2575 felix
1045 2512 1092 2575 in-

85 2603 213 2668 veniret
238 2603 383 2667 modum:
415 2604 471 2668 sed
498 2604 574 2668 dum
598 2602 858 2686 supervenientes
881 2599 1094 2683 contemptim

85 2698 119 2754 et
141 2691 279 2774 superbe
302 2711 427 2775 quoque
451 2695 633 2775 expectant,
660 2689 869 2755 circumventi
891 2688 932 2752 ab
955 2688 1010 2770 iis,
1038 2687 1094 2770 qui

84 2777 204 2842 occulti
225 2782 410 2861 enaverant,
434 2779 558 2842 eminus
582 2778 691 2843 obruti
713 2778 789 2842 telis
811 2779 895 2841 sunt.
937 2774 998 2852 Qui
1017 2775 1093 2839 effu-
1113 2789 1145 2838 16

85 2868 202 2951 gerant
224 2864 366 2949 hostem,
389 2871 446 2930 aut
467 2867 592 2950 impetu
615 2867 719 2931 amnis
737 2865 839 2930 ablati
858 2867 935 2929 sunt
952 2867 1009 2928 aut
1025 2885 1093 2928 ver-

37 2954 205 3023 lbticibus
228 2953 377 3036 inpliciti.
421 2953 535 3038 anue
556 2975 665 3040 pugna
686 2956 824 3018 multum
845 2953 921 3018 Pori
943 2952 1092 3018 fiduciam

87 3043 188 3107 erexit
215 3046 330 3106 cuncta
354 3043 515 3107 cernentis
539 3064 556 3107 e
578 3043 657 3128 ripa.
697 3041 881 3107 Alexander
902 3043 996 3125 inops
1019 3062 1092 3105 con·
1113 3055 1144 3102 17

86 3130 153 3195 silii
182 3129 312 3196 tandem
343 3130 384 3195 ad
411 3130 587 3195 fallendum
617 3131 744 3195 hostem
776 3131 876 3195 talem
904 3129 1015 3193 dolum
1047 3129 1093 3192 in-

84 3219 200 3284 tendit.
243 3217 325 3284 Erat
357 3219 464 3283 insula
494 3219 529 3282 in
556 3219 685 3283 flumine
712 3218 850 3302 amplior
877 3217 1005 3301 ceteris,
1038 3217 1094 3281 sil-

86 3307 202 3371 vestris
234 3307 344 3371 eadem
372 3310 406 3371 et
427 3307 575 3392 tegendis
603 3307 729 3372 insidiis
757 3309 843 3389 apta
890 3304 993 3370 Fossa
1016 3327 1093 3390 quo·

83 3415 147 3477 que
179 3396 324 3478 praealta
355 3395 442 3478 haud
472 3395 585 3478 procul
614 3396 699 3479 ripa,
732 3416 829 3480 quam
854 3394 987 3458 tenebat
1013 3395 1093 3477 ipse,

84 3503 151 3546 non
172 3482 298 3566 pedites
316 3483 426 3569 modo,
448 3483 504 3547 sed
528 3483 624 3548 etiam
646 3504 719 3548 cum
742 3483 836 3568 equis
854 3482 949 3546 viros
965 3485 1109 3571 poterat

80 3570 284 3636 abscondere.
328 3570 436 3659 Igitur
459 3575 497 3639 ut
519 3594 541 3640 a
564 3572 719 3641 custodia
730 3571 839 3638 liuius
858 3562 1137 3652 apportamus
1149 3564 1194 3605 xa
