2422 3892
231 150 485 208 HISTORIARUM
501 152 787 230 saturnana,
807 160 848 209 12.
869 159 910 210 18.
1031 154 1074 218 27

62 292 285 361 Parmenionis
308 297 451 361 animum
472 297 605 362 insidias
627 299 772 364 timentis
796 301 830 363 et
848 298 998 383 ignotum
1013 298 1076 362 iter

63 384 134 447 sine
157 384 236 448 duce
262 405 331 449 non
352 384 492 450 audebat
513 385 649 470 ingredi.
684 386 846 451 Felicitati
865 390 976 451 tamen
989 387 1075 470 regis

64 471 115 535 1111
137 472 276 536 confisus
300 477 455 558 agrestes,
483 474 537 557 qui
561 475 656 540 duces
678 475 803 539 itineris
827 479 949 557 essent,
972 476 1075 558 excipi

62 558 167 624 iussit
212 559 332 635 Quibus
359 562 504 625 celeriter
529 563 663 645 repertis
689 567 803 647 quarto
827 563 877 627 die
901 562 941 626 ad
963 563 1075 627 urbem

64 649 211 730 pervenit
237 650 301 713 iam
324 654 485 714 metuente
508 650 683 735 praefecto,
714 672 756 716 ne
779 651 840 715 sibi
861 651 941 715 fides
962 651 1076 715 habita
1115 652 1124 668 '

64 756 131 799 non
167 740 259 801 esset.
312 737 416 822 Igitur
452 738 543 821 quasi
578 761 693 822 parum
724 739 932 804 munimentis
966 738 1110 822 oppidi⁶

62 823 165 888 fidens
192 829 268 889 ante
296 827 373 891 solis
402 829 508 890 ortum
535 827 705 910 pecuniam
731 827 854 912 regiam
885 863 930 872 -
961 847 1075 912 gazam

62 909 178 976 Persae
201 917 375 978 vocant-
389 937 462 978 cum
478 915 720 998 pretiosissimis
738 937 845 979 rerum
859 915 965 979 efferri
976 915 1076 998 iubet,

62 999 175 1084 fugam
206 1002 374 1083 simulans,
405 1023 440 1065 re
467 1024 555 1086 vera,
584 1006 622 1066 ut
650 1002 803 1087 praedam
830 1003 917 1067 hosti
934 1003 1075 1070 ,offerret

10 1090 54 1154 34
63 1086 168 1171 Multa
189 1089 280 1152 milia
300 1090 443 1153 virorum
461 1089 715 1173 feminarumque
734 1090 939 1155 excedentem
957 1091 1076 1175 oppido
1095 1095 1110 1142 θ

63 1177 293 1260 sequebantur,
323 1177 472 1241 omnibus
499 1178 691 1242 miserabilis
717 1178 814 1242 turba
841 1180 968 1261 praeter
994 1199 1077 1260 eum,
1137 1257 1141 1262 .

63 1263 154 1327 cuius
181 1264 256 1338 fidei
284 1265 455 1329 commissa
481 1268 559 1328 erat.
604 1265 728 1349 Quippe
759 1287 821 1349 quo
845 1265 949 1329 maior
970 1265 1077 1349 prodi·
1183 1334 1188 1344 ⁸

62 1351 161 1416 tionis
190 1373 312 1416 merces
342 1351 441 1435 foret,
472 1352 597 1417 obicere
625 1352 713 1417 hosti
738 1353 876 1437 parabat
902 1353 1077 1436 gratiorem

63 1439 152 1503 omni
166 1437 312 1523 ¹pecunia
333 1439 494 1524 praedam,
517 1440 642 1504 nobiles
662 1441 757 1523 viros,
779 1443 965 1524 praetorum
978 1439 1076 1505 Darei

63 1527 215 1612 coniuges
238 1529 427 1612 liberosque,
449 1531 577 1612 praeter
592 1528 654 1593 hos
673 1527 868 1593 Graecarum
886 1528 1014 1594 urbium
1032 1530 1076 1593 le·

64 1618 172 1699 gatos,
194 1638 274 1700 quos
296 1615 435 1699 Dareus,
457 1617 545 1681 velut
566 1617 602 1680 in
624 1637 696 1681 arce
718 1616 890 1699 tutissima,
911 1616 947 1680 in
968 1616 1075 1700 prodi-

63 1703 144 1766 toris
166 1705 338 1788 reliquerat
359 1705 516 1768 manibus.
553 1703 726 1789 Gaugabas
740 1703 857 1768 Persae
879 1704 1111 1768 1001111117

65 1791 162 1854 meris
189 1812 288 1855 onera
313 1794 493 1876 portantes:
529 1791 564 1856 hi
591 1814 664 1858 oum
690 1792 818 1857 bc'emem
844 1792 981 1856 tolerare
1008 1813 1076 1856 non

64 1882 201 1961 possent
222 1917 263 1925 —
287 1879 403 1964 quippe
429 1880 570 1963 procella
597 1881 712 1944 subito
731 1881 839 1944 nivem
866 1878 1021 1943 effuderat
1043 1883 1077 1944 et

63 1966 181 2030 humus
203 1966 344 2053 rigebat
351 1969 425 2054 gelu
446 1972 517 2032 tum
540 1968 695 2032 adstricta
708 2003 751 2015 ·—
765 1971 880 2050 vestes,
903 1989 982 2051 quas
1003 1989 1075 2031 cum

62 2056 200 2137 pecunia
226 2056 414 2141 portabant,
444 2078 522 2121 auro
550 2060 584 2121 et
605 2078 748 2139 purpura
768 2055 914 2141 insignes
936 2055 1076 2120 induunt

48 2143 152 2207 nullo
174 2145 343 2228 prohibere
367 2166 461 2227 auso,
484 2166 556 2208 cum
578 2144 710 2208 fortuna
731 2145 817 2229 regis
841 2144 939 2208 etiam
960 2144 1075 2208 humil-

61 2231 148 2295 limis
169 2233 205 2296 in
226 2233 333 2317 ipsum
355 2232 518 2297 licentiam
540 2232 669 2297 faceret.
706 2231 885 2302 Praebuere
903 2252 980 2317 ergo
998 2231 1075 2296 Par·
1093 2235 1110 2284 8

36 2320 205 2400 Ι1110110111
235 2342 304 2386 non
331 2321 503 2405 spernendi
530 2321 667 2406 agminis
695 2321 841 2403 speciem.
887 2319 948 2395 Qui
969 2321 1074 2384 inten-

61 2408 143 2472 tiore
183 2430 259 2474 cura
295 2430 370 2473 suos
411 2409 503 2492 quasi
541 2409 582 2472 ad
616 2410 737 2472 iustum
772 2407 930 2491 proelium
964 2408 1075 2489 paucis

62 2495 252 2562 adhortatus
274 2497 366 2582 equis
389 2497 526 2562 calcaria
546 2497 637 2561 iubet
659 2495 793 2560 subdere
817 2498 850 2559 et
868 2494 935 2557 acri
952 2495 1075 2576 impetu

11 2599 14 2606 '
61 2585 98 2648 in
115 2585 243 2649 hostem
262 2585 362 2650 evehi.
397 2584 517 2667 Atilli,
540 2582 1110 2669 (111111111101111111111111101111-9

62 2673 121 2756 111,
144 2694 202 2755 per
224 2676 347 2743 metum
369 2675 542 2756 capessunt
562 2672 688 2755 fugam:
719 2669 835 2732 armati
858 2690 998 2753 quoque,
1021 2670 1075 2754 qui

61 2782 117 2825 eos
141 2761 426 2843 prosequebantur,
449 2759 561 2824 eodem
584 2762 672 2822 metu
695 2779 784 2820 arma
803 2757 923 2821 iactare
941 2779 979 2822 ac
996 2761 1075 2823 nota

61 2848 259 2913 deverticula
280 2849 389 2930 petere
412 2849 593 2931 coeperunt.
629 2845 822 2929 Praefectus,
845 2846 937 2930 quasi
955 2847 1074 2931 etipse
1095 2849 1127 2898 10

61 2935 265 3020 conterritus,
289 2934 444 2999 simulans
467 2937 582 2998 cuncta
601 2955 720 3018 pavore
742 2934 953 3017 conpleverat
987 2933 1073 2999 Iace-

61 3025 142 3089 bant
167 3025 246 3088 totis
273 3023 395 3106 campis
424 3043 501 3106 opes
527 3023 647 3107 regiae,
677 3023 734 3085 illa
755 3022 892 3105 pecunia
914 3021 1074 3106 stipendio

61 3113 187 3198 ingenti
218 3112 359 3176 militum
386 3114 591 3195 praeparata,
626 3111 681 3175 ille
709 3112 813 3175 cultus
840 3113 892 3175 tot
916 3111 1077 3174 nobilium·
1160 3121 1164 3129 '

61 3202 217 3284 virorum,
245 3204 296 3264 101
317 3200 491 3264 illustrium
513 3199 719 3282 feminarum,
749 3219 846 3263 aurea
867 3220 958 3280 vasa,
985 3199 1074 3262 aurei
1094 3200 1125 3248 11

60 3289 154 3372 freni,
175 3289 383 3353 tabernacula
401 3287 504 3373 re'gali
523 3285 763 3371 magnificentia
781 3288 903 3369 ornata,
925 3285 1073 3350 vehicula

63 3398 189 3461 quoque
226 3399 245 3440 a
279 3376 346 3440 suis
378 3375 545 3458 destituta,
580 3375 723 3459 ingentis
755 3373 936 3457 opulentiae
968 3375 1073 3457 plena,

61 3464 160 3530 facies
182 3465 279 3529 etiam
300 3464 530 3547 praedantibus
552 3462 670 3546 tristis,
696 3462 723 3525 si
746 3482 809 3545 qua
831 3482 882 3524 res
906 3462 1080 3526 auaritiam

62 3555 248 3629 moraretur.
294 3551 418 3636 Quippe
440 3554 492 3617 tot
521 3571 684 3617 annorum
711 3549 906 3615 incredibili
932 3551 973 3610 et
993 3545 1109 3609 ubam
