2422 3892
127 150 190 214 138
498 150 528 216 Q.
548 149 659 206 CURTI
677 148 763 204 RUFI

124 316 211 378 mea,
245 296 330 378 quod
363 295 430 359 sine
463 295 572 359 liberis
606 315 692 377 sum,
727 294 898 375 spernitur.
953 291 1017 358 Sed
1050 298 1138 360 errat

122 380 278 447 Philotas.
324 382 362 447 In
393 382 484 447 vobis
514 382 648 466 liberos,
679 385 845 467 parentes,
878 382 1136 465 consanguineos

74 489 104 536 13
123 471 242 536 habeo:
266 471 356 536 vobis
381 470 480 535 salvis
504 471 600 535 orbus
624 491 780 535 essenon
803 468 960 552 possum'.
1002 469 1137 553 Episto·
1146 489 1188 552 34

124 559 190 624 lani
218 559 332 624 deinde
355 558 577 623 Parmenionis
605 558 832 641 interceptam,
861 579 957 641 quarn
980 557 1021 623 ad
1048 558 1136 624 filios

123 645 318 712 Nicanorem
338 650 371 712 et
385 647 538 711 Philotan
552 646 739 729 scripserat,
756 646 874 712 recitat
891 645 977 710 haud
995 667 1072 710 sane
1089 647 1137 711 in-

74 753 106 800 14
125 735 242 800 dicium
261 735 420 819 gravioris
436 735 562 800 consilii
575 734 818 819 praeferentem.
846 732 995 817 Namque
1010 755 1137 799 summa

125 823 193 886 eius
221 822 301 887 haec
324 827 406 888 erat:
444 822 601 887 ‘Primum
629 822 728 886 vestri
752 844 861 887 curam
889 823 990 907 agite,
1020 821 1136 887 deinde

125 913 318 975 uestrorum:
352 912 399 976 sic
427 912 525 995 eninr,
554 932 635 995 quae
664 910 908 989 destinavimus,
939 909 1136 975 efficiemus'.

74 1017 106 1065 15
125 997 315 1082 Adiecitque
341 1021 411 1084 rex,
441 1000 488 1064 sic
515 1020 585 1064 esse
613 999 778 1081 scriptam,
807 1002 857 1082 ut,
884 998 952 1062 sive
981 997 1021 1062 ad
1047 998 1136 1064 filios

124 1088 336 1172 pervenisset,
359 1110 378 1153 a
396 1087 533 1152 consciis
550 1091 662 1170 posset
679 1086 841 1170 intellegi,
865 1086 932 1150 sive
955 1086 1136 1170 intercepta

74 1193 106 1241 16
127 1178 224 1259 esset,
241 1174 370 1241 falleret
387 1177 528 1261 ignaros.
565 1173 622 1239 ‘At
641 1175 726 1239 enim
740 1173 902 1258 Dymnus,
921 1194 993 1239 cum
1013 1177 1136 1240 ceteros

124 1263 298 1347 participes
321 1264 452 1329 sceleris
474 1263 644 1346 indicaret,
671 1262 826 1327 Philotan
852 1284 918 1327 non
939 1263 1135 1328 nominavit!

124 1351 195 1416 Hoc
223 1352 353 1436 quidem
379 1352 467 1417 illius
490 1373 555 1416 non
578 1351 793 1434 innocentiae,
821 1350 877 1416 sed
900 1352 1064 1433 potentiae
1088 1351 1135 1415 in·

125 1439 243 1503 dicium
271 1443 334 1521 est,
360 1441 444 1523 quod
473 1439 520 1504 sic
547 1439 587 1503 ab
617 1439 657 1503 iis
681 1439 813 1504 timetur
836 1439 946 1521 etiam,
976 1438 1135 1523 aquibus

124 1526 217 1609 prodi
244 1528 367 1609 potest,
394 1530 443 1609 ut,
471 1549 543 1591 cum
572 1526 611 1590 de
637 1548 671 1590 se
698 1526 875 1611 fateantur,
903 1527 997 1591 illurn
1024 1531 1136 1591 tamen

77 1633 109 1680 1⁷
129 1614 242 1678 celent.
294 1612 444 1680 Ceterum
475 1613 629 1679 Philotan
659 1615 761 1698 ipsius
794 1615 916 1680 indicat
946 1615 1022 1680 vita.
1073 1614 1137 1680 Hic

125 1703 301 1787 Amyntac,
328 1703 384 1787 qui
406 1703 487 1768 mihi
510 1703 719 1769 consobrinus
746 1704 811 1768 fuit
834 1703 924 1769 etin
945 1702 1135 1769 Macedonia

125 1792 225 1875 capiti
256 1813 328 1857 meo
355 1792 461 1877 inpias
489 1793 677 1875 conparavit
708 1792 857 1876 insidias,
889 1792 1011 1856 socium
1039 1813 1073 1856 se
1102 1797 1136 1856 et

125 1881 288 1945 conscium
317 1881 472 1946 adiunxit.
517 1878 581 1945 Hic
608 1880 736 1962 Attalo,
768 1902 831 1964 quo
864 1881 1046 1964 graviorem
1073 1880 1135 1944 ini-

42 2031 44 2035 ,
125 1969 244 2032 micum
275 1990 341 2033 non
372 1969 485 2051 habui,
521 1989 663 2033 sororem
700 1989 790 2032 suam
828 1968 862 2033 in
894 1968 1135 2033 matrimonium

74 2074 105 2121 18
124 2054 221 2119 dedit.
266 2055 341 2138 Hic,
373 2077 446 2120 cum
473 2056 674 2138 scripsissem
704 2058 733 2119 ai
762 2079 820 2139 pro
848 2058 917 2122 iure
947 2060 1014 2120 tarn
1042 2056 1135 2121 fami·

124 2143 213 2206 liaris
246 2165 322 2206 usus
356 2147 452 2227 atquc
485 2143 657 2227 amicitiae,
690 2144 795 2228 qualis
827 2166 898 2209 sors
930 2145 1016 2209 edita
1049 2148 1136 2209 esset

123 2229 211 2295 Iovis
229 2231 420 2295 Hammonis
445 2232 588 2315 oraculo,
612 2232 764 2296 sustinuit
787 2233 963 2297 rescribere
981 2231 1076 2316 mihi,
1100 2254 1135 2297 se

125 2319 251 2402 quidem
275 2320 448 2403 gratulari,
474 2319 560 2403 quod
583 2320 618 2383 in
639 2341 808 2384 numerum
831 2320 963 2386 deorum
986 2323 1134 2404 receptus

125 2429 243 2492 essem,
262 2411 404 2473 ceterum
421 2408 568 2472 misereri
583 2429 705 2490 eorum,
724 2408 840 2492 'quibus
857 2408 1029 2473 vivendum
1048 2414 1135 2474 esset

73 2515 105 2563 19
125 2496 184 2560 sub
209 2518 260 2578 eo,
284 2496 341 2580 qui
363 2496 494 2561 modum
516 2495 655 2559 hominis
680 2496 854 2560 excederet.
890 2495 980 2560 Haec
1004 2500 1135 2561 suntet

124 2584 336 2668 iampridem
360 2585 460 2649 animi
483 2584 614 2668 alienati
638 2605 657 2647 a
679 2605 729 2647 me
754 2589 786 2646 et
808 2583 982 2649 invidentis
1009 2583 1134 2668 gloriae

124 2694 214 2738 meae
236 2673 364 2738 indicia.
401 2672 490 2748 Quae
514 2672 673 2755 equidem,
696 2671 830 2754 milites,
856 2672 1009 2756 quamdiu
1031 2671 1133 2755 licuit,

123 2761 159 2823 in
190 2760 297 2826 animo
331 2782 402 2825 meo
438 2763 551 2844 pressi.
599 2759 741 2824 Videbar
773 2761 857 2824 enim
894 2760 975 2824 mihi
1006 2763 1133 2842 partem

123 2848 282 2911 viscerum
304 2870 449 2912 meorum
474 2850 677 2931 abrumpere,
700 2848 741 2930 si,
764 2848 797 2911 in
822 2869 902 2931 quos
925 2851 994 2912 tarn
1015 2868 1134 2932 magna

71 2955 105 3003 20
124 2935 336 3018 contuleram,
355 2936 485 2999 viliores
503 2935 584 2999 mihi
602 2936 749 3000 facerem.
784 2933 846 3000 Sed
864 2936 931 3000 iam
949 2958 1015 3001 non
1033 2935 1134 3001 verba

124 3022 285 3106 punienda
304 3027 392 3087 sunt:
416 3023 546 3106 linguae
569 3024 733 3088 temeritas
756 3024 902 3107 pervenit
930 3024 970 3090 ad
998 3023 1133 3110 gladios.

71 3131 103 3179 21
124 3109 207 3196 Hos,
235 3112 263 3175 si
291 3110 371 3175 mihi
399 3110 540 3194 creditis,
566 3109 712 3176 Philotas
739 3112 774 3175 in
802 3134 853 3176 ma
876 3113 975 3192 acuit,
1007 3112 1036 3178 si
1062 3112 1134 3196 ipsi,

125 3199 197 3264 acui
219 3200 376 3282 permisit.
421 3197 490 3274 Quo
515 3221 567 3264 me
589 3200 765 3282 conferam,
788 3199 930 3266 milites?
962 3201 1014 3266 oui
1037 3202 1136 3284 caput

124 3309 233 3352 meum
262 3287 413 3353 credam?
462 3287 644 3372 Equitatui,
677 3287 819 3371 optimae
850 3289 1007 3354 exercitus
1039 3288 1135 3372 parti,

124 3375 322 3459 principibus
356 3376 579 3441 nobilissimae
616 3377 806 3458 iuventutis,
843 3398 943 3441 unum
979 3376 1134 3462 praefecit

125 3464 276 3547 salutem,
304 3486 407 3550 spem,
434 3465 603 3530 victoriam
627 3485 731 3528 meam
758 3464 833 3529 fidei
856 3465 925 3530 eius
949 3465 1134 3549 tutelaeque

71 3572 104 3619 aa
124 3553 279 3619 commisi.
321 3552 449 3618 Patrem
473 3555 506 3617 in
529 3551 615 3618 idem
638 3552 819 3637 fastigium,
847 3553 881 3619 in
904 3574 967 3636 quo
991 3575 1042 3617 rna
1070 3553 1134 3637 ipsi
