2422 3892
302 131 557 187 HISTORIARUM
575 131 791 186 ALEXANDRI
809 133 843 202 X,
862 140 886 188 6.
1033 132 1097 194 277

86 297 255 341 commune
287 277 436 342 consulto
469 298 551 360 opus
583 276 696 361 fuerit,
733 296 848 360 eoque,
878 277 963 359 quod
995 279 1100 344 maior

85 387 162 448 pars
185 385 296 430 eorum
315 365 502 449 decreverit,
520 368 637 430 stetur:
661 365 756 430 duces
775 364 994 450 praefectique
1014 368 1099 449 copi-

86 475 178 518 arum
195 452 248 517 his
267 452 423 537 pareant?
458 453 646 520 Ptolemaeo
670 454 814 538 quidam,
836 454 1005 537 pauciores
1024 454 1099 518 Per-

85 541 194 606 diccae
213 541 487 607 adsentiebantur.
523 542 607 606 Tum
622 540 796 607 Aristonus
814 564 906 607 orsus
920 546 972 607 est
985 542 1098 625 dicere,
1119 551 1151 600 16

86 629 305 695 Alexandrum
319 631 511 714 consultum,
526 631 577 695 oui
590 631 787 715 relinqueret
795 652 944 716 regnum,
957 631 1098 696 voluisse

86 719 245 801 optimum
273 718 381 804 deligi.
424 717 607 784 Iudicatum
635 722 744 784 autem
772 719 812 784 ab
842 720 914 803 ipso
938 720 1098 803 optimum

84 805 284 890 Perdiccam,
308 807 361 873 cui
384 808 516 872 anulum
533 807 728 872 tradidisset
763 806 876 893 Neque
895 807 981 872 enim
998 829 1098 872 unum
1118 817 1152 865 17

86 917 158 959 eum
183 895 344 960 adsedisse
368 896 532 981 morienti,
554 895 610 960 sed
633 895 911 961 circumferentem
930 895 1040 961 oculos
1060 919 1099 961 ex

84 983 182 1048 turba
200 984 378 1049 amicorum
396 984 564 1067 delegisse,
581 984 634 1048 oui
651 983 803 1050 traderet.
835 984 967 1050 Placere
987 986 1098 1068 igitur,

86 1092 246 1135 summam
263 1070 392 1154 imperii
406 1072 447 1136 sd
460 1071 647 1137 Perdiccam
660 1071 787 1138 deferri
817 1071 888 1138 Nec
901 1073 1100 1157 dubitavere,
1120 1080 1152 1128 18

86 1158 165 1242 quin
192 1180 268 1223 vera
293 1163 447 1224 censeret.
482 1158 596 1244 Itaque
618 1160 760 1225 universi
782 1161 954 1245 procedere
977 1162 1012 1225 in
1035 1183 1099 1238 me

87 1247 176 1311 dium
192 1245 380 1322 Perdiccam
398 1251 432 1312 et
444 1248 532 1332 regis
547 1249 679 1314 anulum
693 1249 810 1314 tollere
824 1249 988 1315 iubebant
1015 1249 1100 1314 Hae·

85 1334 180 1399 rebat
202 1334 286 1400 inter
304 1335 515 1420 cupiditatem
532 1336 751 1439 pudoremque
768 1341 816 1441 et,
839 1359 902 1422 quo
922 1337 1099 1404 modestius

86 1423 390 1596 llhidttld
401 1425 1099 1600 stillilltl'slllflld,Ellllllltsslll
1119 1522 1152 1569 a

86 1601 128 1663 ad
150 1600 300 1664 ultimum
327 1605 439 1665 tamen
461 1602 596 1667 recessit
619 1607 652 1667 et
674 1605 751 1686 post
773 1623 843 1688 eos,
871 1603 928 1687 qui
950 1603 1099 1668 sederant

39 1690 74 1753 21
86 1687 234 1770 proximi,
259 1689 416 1753 constitit
447 1688 493 1752 At
515 1689 687 1773 Meleager,
709 1712 793 1755 unus
817 1713 834 1754 e
858 1690 1001 1771 ducibus,
1025 1713 1099 1756 con·
1117 1697 1153 1744 20

86 1776 215 1840 firmato
248 1774 370 1859 animo,
408 1797 502 1859 quem
539 1776 709 1842 Perdiccae
746 1779 909 1842 cunctatio
947 1783 1101 1862 erexerat,

87 1862 167 1928 ‘Nec
190 1863 223 1926 di
246 1861 379 1947 sierint,'
402 1862 518 1947 inquit,
542 1863 590 1929 ‘ut
609 1864 787 1929 Alexandri
804 1866 934 1930 fortuna
951 1867 1100 1951 tantique

86 1951 179 2036 regni
200 1950 370 2036 fastigium
392 1950 429 2016 in
455 1952 537 2017 istos
559 1952 712 2018 humeros
733 1957 819 2018 ruat:
841 1953 990 2018 homines
1013 1959 1100 2019 certe

86 2062 153 2104 non
175 2039 289 2105 ferent.
333 2038 425 2104 Nihil
449 2039 520 2105 dico
543 2041 582 2105 de
604 2042 820 2107 nobilioribus
844 2063 940 2126 quam
963 2042 1017 2108 hio
1040 2047 1100 2126 est,

88 2128 144 2193 sed
172 2127 211 2193 de
237 2128 316 2192 viris
342 2131 484 2212 tantum,
512 2130 628 2213 quibus
656 2130 767 2196 invitis
789 2129 872 2195 nihil
894 2131 1019 2216 perpeti
1044 2154 1100 2196 ne-

87 2238 176 2282 cesse
199 2220 258 2281 est.
294 2216 362 2281 Nec
384 2237 460 2282 vero
483 2217 634 2301 interest,
651 2217 801 2283 Roxanes
819 2219 936 2303 filium,
960 2221 1098 2304 quando·
1117 2235 1152 2282 21

86 2327 148 2391 que
176 2304 306 2390 genitus
330 2304 404 2387 erit,
432 2326 473 2368 au
496 2304 683 2370 Perdiccam
707 2325 819 2390 regem
841 2306 1003 2389 habeatis,
1028 2329 1100 2372 cum

85 2395 147 2458 iste
166 2392 365 2467 subtutelae
384 2393 491 2474 specie
508 2413 645 2478 regnum
664 2397 877 2477 occupaturus
896 2394 949 2458 sit.
985 2394 1100 2479 Itaque

85 2504 180 2547 nemo
205 2481 314 2547 eires
337 2481 456 2565 placet,
478 2481 544 2546 nisi
567 2482 623 2566 qui
644 2481 788 2546 nondum
810 2485 907 2546 natus
931 2486 991 2566 est,
1014 2487 1047 2547 et
1065 2485 1100 2547 in

85 2575 180 2635 tanta
197 2570 342 2635 omnium
362 2569 571 2634 festinatione
592 2590 659 2633 non
680 2570 769 2635 iusta
791 2569 901 2653 modo,
924 2570 1099 2636 sedetiam

85 2658 270 2723 necessaria
287 2661 418 2721 exactos
437 2676 562 2720 menses
581 2657 668 2722 solus
686 2661 835 2740 expectat
848 2661 881 2721 et
894 2658 960 2722 iam
974 2659 1100 2724 divinat

87 2767 210 2809 marem
233 2765 303 2809 esse
326 2747 525 2828 conceptum.
563 2743 666 2820 Quem
688 2767 746 2811 vos
769 2745 925 2811 dubitetis
947 2751 1098 2831 paratum
1116 2763 1151 2810 22

86 2855 157 2898 esse
184 2834 236 2898 vel
263 2831 422 2897 subdere?
464 2830 500 2897 Si
530 2833 776 2898 mediusfidius
803 2833 986 2900 Alexander
1013 2836 1099 2901 hunc

85 2920 180 2986 nobis
203 2941 315 3007 regem
337 2941 396 3003 pro
420 2942 454 2985 se
473 2921 671 3005 reliquisset,
694 2922 727 2986 id
747 2923 852 2988 solum
876 2945 915 2988 ex
937 2924 993 3007 iis,
1016 2946 1098 3009 quae

85 3011 291 3094 imperasset,
321 3030 388 3073 non
414 3009 596 3074 faciendum
620 3032 690 3076 esse
713 3032 884 3077 censerem.
929 3011 1016 3088 Quin
1038 3013 1098 3097 igi-
1117 3027 1152 3074 23

85 3103 139 3163 tur
162 3098 204 3162 ad
226 3097 423 3182 diripiendos
447 3097 619 3164 thesauros
642 3100 846 3165 discurritis?
878 3100 994 3164 harum
1012 3101 1099 3165 enim

86 3208 184 3270 opum
211 3186 376 3272 regiarum
398 3185 508 3270 utique
530 3189 669 3271 populus
693 3192 743 3253 est
766 3186 881 3252 heres?
923 3187 1013 3254 Haeo
1034 3189 1098 3254 elo·
1117 3202 1152 3251 24

86 3278 178 3339 cutus
200 3296 258 3358 per
282 3273 403 3338 medios
428 3278 571 3339 armatos
594 3277 701 3360 erupit
719 3281 765 3361 et,
787 3275 842 3360 qui
861 3277 993 3342 abeunti
1011 3277 1098 3342 viam

85 3361 249 3441 dederant,
268 3363 374 3446 ipsum
391 3362 432 3427 ad
446 3364 688 3446 pronuntiatam
703 3364 858 3449 praedam
873 3365 1098 3449 sequebantur.
