2422 3892
329 154 582 232 HISTORIARUM
599 153 816 210 ALEXANDRI
833 154 886 224 lv,
905 160 931 212 t.
1095 156 1140 220 45

127 321 256 384 quoque
282 303 413 382 recepta
428 297 545 363 Chium
566 299 680 363 incolis
703 300 789 364 ultro
812 300 1002 364 vocantibus
1021 303 1139 365 statue·

129 393 206 452 rant
228 409 397 471 occupare:
430 387 486 451 sed
508 387 751 471 Pharnabazus,
778 386 876 453 Darei
898 391 1042 472 praetor,
1065 409 1139 452 con·

129 475 310 559 prehensis,
344 476 399 560 qui
430 497 482 540 res
515 475 556 538 ad
586 474 781 540 Macedonas
812 475 998 560 trahebant,
1029 498 1139 540 rursus

130 563 317 646 Apollonidi
357 567 390 627 et
424 562 667 647 Athenagorae,
707 585 838 628 suarum
876 565 1018 647 partium
1053 563 1139 648 viris,

130 653 242 715 urbem
273 673 346 716 cum
377 651 503 715 modico
534 651 693 733 praesidio
723 652 862 715 militum
891 652 999 715 tradit.
1043 650 1192 724 Prae-10

129 739 207 803 fecti
229 739 404 804 Alexandri
426 739 461 802 in
485 739 651 803 obsidione
674 739 762 804 urbis
784 739 1048 823 perseverabant,
1072 761 1140 803 non

129 830 198 891 tam
227 827 373 909 suisfisi
399 826 521 908 viribus
549 849 646 910 quam
672 827 830 912 ipsorum,
862 829 917 911 qui
949 828 1138 892 obsideban-

129 919 197 999 tur,
222 917 403 980 uoluntate.
458 913 527 979 Nec
559 914 674 978 fefellit
704 915 823 998 opinio.
878 913 1025 999 Namque
1054 917 1140 979 inter

130 1002 357 1086 Apollonidem
381 1005 414 1065 et
436 1002 532 1067 duces
554 1002 693 1066 militum
713 1007 784 1067 orta
803 1003 917 1067 seditio
935 1004 1140 1086 imumpendi

129 1091 164 1154 in
195 1091 309 1154 urbem
341 1090 541 1154 occasionem
569 1090 664 1154 dedit.
718 1088 861 1173 Cumque
888 1095 982 1175 porta
1009 1092 1140 1155 effracta
1160 1111 1192 1162 ιτ

130 1178 246 1242 cohors
273 1176 486 1241 Macedonum
517 1179 682 1261 intrasset,
716 1178 869 1261 oppidani
900 1178 977 1242 olim
1005 1180 1139 1243 consilio

130 1266 324 1348 proditionis
352 1265 476 1348 agitato
500 1265 680 1349 adgregant
703 1287 736 1330 se
758 1265 1014 1348 Amphotero‘et
1035 1266 1139 1350 Hege-

130 1354 241 1418 locho:
263 1352 496 1436 Persarumque
518 1353 679 1436 praesidio
703 1374 796 1417 caeso
815 1353 1043 1417 Pharnabazus
1067 1375 1140 1417 cum
1159 1375 1193 1425 ιε

130 1442 324 1524 Apollonide
357 1444 389 1504 et
419 1441 631 1525 Athenagora
661 1442 762 1504 vincti
790 1441 976 1524 traduntur,
1007 1459 1057 1505 ΧΠ
1082 1442 1140 1505 tri·

130 1551 233 1594 remes
256 1551 329 1594 cum
351 1551 410 1594 suo
432 1529 534 1592 milite
557 1549 595 1592 ac
616 1530 746 1613 remige,
770 1533 975 1611 praetereas
999 1547 1069 1593 xxx
1092 1530 1140 1594 in·

131 1639 209 1681 anes
239 1621 271 1681 et
301 1640 350 1676 ur
379 1618 507 1700 piratici
533 1617 631 1681 lembi
660 1615 918 1701 Graecorumque
947 1635 986 1680 111
1008 1617 1141 1681 miliae

130 1704 237 1767 Persis
264 1705 408 1768 mercede
436 1703 602 1768 conducta.
652 1703 713 1768 His
741 1704 776 1768 in
803 1705 1061 1789 supplementum
1089 1726 1139 1768 co-

132 1793 259 1875 piarum
286 1813 415 1856 suarum
438 1792 616 1856 distributis
638 1793 813 1876 piratisque
832 1792 987 1876 supplicio
1005 1792 1140 1856 adfectis

133 1881 277 1962 captivos
299 1880 435 1963 remiges
458 1878 600 1943 adiecere
623 1880 719 1944 classi
741 1901 826 1944 suae.

78 1971 123 2034 24
219 1967 317 2032 Forte
331 1967 544 2051 Aristonicus,
565 1967 867 2051 Methymnaeorum
881 1971 1048 2051 tyrannus,
1067 1989 1140 2031 cum
1160 1989 1193 2037 19

131 2055 275 2138 piraticis
306 2056 442 2121 navibus
469 2057 601 2140 ignarus
625 2057 781 2139 omnium,
812 2077 892 2139 quae
916 2056 1000 2138 apud
1024 2054 1140 2120 Chium

132 2147 205 2207 acta
227 2147 332 2228 erant,
358 2145 463 2226 prima
489 2144 601 2228 vigilia
629 2144 669 2207 ad
691 2147 803 2229 portus
826 2145 965 2208 claustra
988 2145 1141 2209 successit

132 2231 412 2316 interrogatusque
435 2254 454 2296 a
477 2232 676 2314 custodibus,
703 2233 774 2316 quis
797 2236 896 2311 esset,
919 2232 1140 2297 Aristonicum

133 2319 173 2382 ad
195 2317 440 2384 Pharnabazum
469 2321 578 2384 venire
599 2320 775 2403 respondit.
819 2319 873 2384 Illi
894 2319 1139 2384 Pharnabazum
1158 2340 1193 2389 20

132 2407 260 2490 quidem
282 2409 347 2472 iam
370 2408 531 2491 quiescere
550 2411 583 2472 et
600 2429 667 2472 non
689 2430 783 2491 posse
801 2412 872 2472 tum
888 2407 977 2490 adiri,
1000 2412 1141 2471 ceterum

130 2500 241 2578 patere
264 2498 352 2561 socio
376 2499 473 2579 atque
495 2495 615 2578 hospiti
633 2498 763 2578 portum
781 2499 814 2558 et
830 2498 961 2577 postero
976 2495 1026 2557 die
1040 2493 1140 2557 Phar·

130 2585 247 2647 nabazi
274 2584 400 2667 copiam
422 2584 492 2647 fore
515 2583 695 2646 adfirmant.
739 2581 809 2645 Nec
832 2580 991 2645 dubitavit
1013 2580 1139 2644 Aristo·
1158 2603 1191 2653 21

130 2671 224 2734 nicus
247 2671 370 2753 primus
392 2671 523 2753 intrare,
545 2671 646 2734 secuti
670 2672 745 2732 sunt
764 2669 877 2732 ducem
894 2668 1020 2750 piratici
1034 2667 1141 2752 lembi,

132 2779 179 2837 ac,
202 2757 279 2820 dum
301 2757 465 2840 adplicant
486 2756 618 2841 navigia
640 2756 795 2839 crepidini
817 2759 939 2840 portus,
961 2755 1098 2821 obicitur
1121 2779 1141 2820 a

131 2845 285 2929 vigilibus
313 2845 488 2908 claustrum
520 2848 564 2925 et,
597 2845 653 2927 qui
683 2844 820 2928 proximi
852 2845 1067 2929 excubabant,
1099 2846 1139 2909 ab

130 2935 234 2998 isdem
262 2933 451 2996 excitantur.
495 2930 593 2996 Nullo
626 2954 665 2997 ex
691 2933 731 2996 iis
759 2955 837 2997 auso
865 2954 1045 3018 repugnare
1073 2955 1139 2997 om-

130 3023 226 3086 nibus
250 3026 382 3085 catenae
405 3021 541 3084 iniectae
565 3025 649 3104 sunt,
673 3020 873 3104 Amphotero
897 3021 1011 3085 deinde
1034 3020 1139 3104 Hege-

129 3110 287 3193 lochoque
312 3110 493 3174 traduntur.
537 3108 623 3174 Hinc
645 3109 838 3175 Macedones
862 3110 1018 3174 transiere
1040 3107 1139 3191 Mity·
1158 3131 1192 3180 22

130 3198 238 3281 lenen,
270 3220 366 3281 quam
389 3196 509 3262 Chares
531 3196 738 3263 Atheniensis
767 3220 872 3281 nuper
899 3200 1087 3279 occupatam
1113 3215 1140 3261 11

130 3286 254 3349 milium
282 3285 454 3350 Persarum
485 3286 643 3368 praesidio
675 3286 824 3350 tenebat:
861 3285 917 3349 sed
949 3307 1021 3349 cum
1054 3285 1139 3349 obsi-

131 3374 260 3437 dionem
286 3375 424 3438 tolerare
453 3396 520 3439 nen
547 3378 670 3459 posset,
701 3375 780 3438 urbe
807 3374 927 3437 tradita
949 3376 1075 3456 pactus,
1103 3375 1140 3435 ut

129 3461 282 3525 incolumi
309 3462 397 3526 abire
423 3463 550 3547 liceret,
580 3462 725 3527 Imbrum
751 3462 841 3545 petit
885 3459 1012 3524 Deditis
1034 3459 1139 3525 Mace·

130 3549 230 3614 dones
252 3554 470 3634 pepercerunt
