2422 3892
87 144 154 209 214
281 206 285 212 ,
456 143 489 211 a.
508 142 618 199 cuurr
635 142 722 199 ausi

512 337 593 405 Cae.
614 337 671 405 XL

52 478 68 527 1
175 464 260 530 Hinc
286 463 487 547 Polypercon
509 462 549 528 ad
571 463 685 528 urbem
707 460 831 527 Noram
853 481 929 527 cum
952 462 1146 530 exercitu39

86 553 203 618 missus
226 551 407 618 inconditos
425 550 603 635 oppidanos
625 549 749 634 proelio
771 550 863 615 vicit:
885 550 977 616 intra
997 551 1105 617 muni·

86 645 196 706 menta
220 640 392 724 conpulsos
421 641 547 705 secutus
574 639 688 704 urbem
714 638 749 702 in
775 637 935 705 dicionem
960 639 1104 725 redegit

52 729 192 793 xMulta
214 727 372 812 ignobilia
395 726 514 810 oppida
536 726 664 792 deserta
686 749 706 792 a
728 725 794 791 suis
816 746 933 791 venere
955 727 993 793 in
1012 728 1103 813 regis

86 819 291 901 potestatem.
344 814 487 891 Quorum
514 815 639 880 incolae
666 814 784 879 armati
813 818 942 897 petram
967 815 1105 882 Aornin
1147 828 1151 833 ’

86 905 216 969 nomine
244 906 488 986 occupaverunt.
535 902 628 967 Hanc
654 903 696 968 ab
722 902 863 968 Hercule
888 902 1018 969 frustra
1045 904 1104 971 ob-

88 1013 212 1057 sessam
240 1013 309 1057 esse
336 995 504 1076 terraeque
531 995 622 1056 motu
648 995 796 1057 coactum
824 990 984 1057 absistere
1010 992 1103 1059 fama

54 1093 70 1141 3
88 1080 284 1163 vulgaverat.
319 1079 454 1163 Inopem
472 1080 598 1145 consilii
615 1079 843 1163 Alexandrum,
862 1078 938 1164 quia
954 1080 1103 1167 undique

88 1190 242 1252 praeceps
266 1172 299 1233 et
321 1170 460 1252 abrupta
482 1189 577 1252 rupes
596 1171 674 1252 erat,
697 1167 805 1233 senior
821 1167 952 1253 quidam
968 1168 1103 1253 peritus

87 1256 233 1322 locorum
265 1278 335 1322 cum
368 1255 491 1322 duobus
518 1255 596 1321 filiis
628 1255 722 1340 adiit,
753 1256 782 1321 si
808 1255 950 1340 pretium
978 1277 1104 1342 operae

53 1358 71 1406 4
90 1348 182 1427 esset,
201 1346 323 1411 aditum
342 1366 376 1409 se
394 1346 649 1409 monstraturum
667 1364 738 1410 esse
755 1344 959 1429 promittens.
1000 1362 1105 1413 lam

88 1434 212 1498 talenta
247 1432 416 1498 constituit
452 1432 602 1497 daturum
637 1431 821 1498 Alexander
857 1436 890 1497 et
920 1432 1030 1501 altero
1062 1457 1105 1501 ex

88 1519 258 1584 iuvenibus
277 1519 389 1584 obside
407 1522 532 1584 retento
551 1520 657 1603 ipsum
675 1521 715 1585 ad
730 1520 922 1607 exequenda,
939 1543 1028 1606 quae
1046 1524 1104 1590 ob·

53 1620 70 1668 e
89 1608 218 1692 tulerat,
237 1607 368 1672 dimisit.
399 1606 530 1672 Leviter
548 1610 681 1675 armatis
698 1608 761 1674 dux
775 1608 869 1676 datus
883 1612 934 1676 est
946 1607 1104 1699 Mylleas,

90 1696 195 1761 samba
212 1696 306 1781 regis.
351 1695 421 1762 Hos
440 1696 528 1760 enim
546 1697 690 1782 circuitu,
708 1719 771 1782 quo
789 1699 942 1765 fallerent
957 1698 1104 1787 hostem,

54 1784 123 1847 ein
147 1806 307 1850 summum
334 1785 446 1869 iugum
467 1785 617 1869 placebat
643 1786 785 1851 evadere.
833 1786 931 1853 Petra
951 1808 1037 1872 non,
1064 1794 1104 1857 ut

87 1873 269 1957 pleraeque,
292 1873 427 1939 modicis
451 1894 487 1938 ac
510 1874 661 1939 mollibus
685 1874 776 1940 clivis
795 1874 828 1940 in
848 1875 987 1941 sublime
1006 1877 1104 1947 fasti·

88 1960 177 2044 gium
196 1961 319 2044 crescit,
343 1961 398 2024 sed
416 1962 451 2025 in
473 1965 579 2026 metae
596 1963 735 2027 maxime
757 1963 888 2030 modum
907 1967 1018 2032 erecta
1041 1972 1104 2051 est,

88 2047 177 2112 cuius
203 2048 270 2111 ima
297 2047 492 2131 spatiosiora
519 2054 607 2134 sunt,
634 2052 750 2117 altiora
774 2052 810 2117 in
837 2052 939 2118 artius
966 2061 1104 2141 coeunt,

54 2148 212 2200 asumma
242 2134 277 2198 in
304 2138 433 2199 acutum
462 2157 614 2203 cacumen
641 2145 811 2226 exurgunt.
859 2140 998 2208 Radices
1028 2144 1103 2211 eiua

87 2222 185 2287 Indus
214 2223 317 2288 amnis
341 2224 442 2308 subit,
463 2227 641 2312 praealtus,
665 2229 830 2314 utrimque
852 2230 976 2313 asperis
1000 2233 1104 2319 ripis:

89 2311 129 2376 ab
157 2311 259 2377 altera
280 2317 374 2396 parte
396 2314 568 2398 voragines
593 2316 774 2401 eluviesque
795 2321 987 2403 praeruptae
1011 2327 1105 2391 sunt.

50 2411 68 2460 8
88 2398 156 2466 Nec
183 2401 248 2466 alia
275 2403 478 2488 expugnandi
499 2404 634 2486 patebat
660 2404 726 2485 via,
753 2428 851 2490 quam
873 2410 911 2473 ut
931 2408 1104 2491 repleren-

86 2492 148 2554 tur.
189 2488 239 2554 Ad
258 2512 391 2555 manum
414 2492 498 2557 silva
521 2497 598 2577 erat,
621 2515 717 2576 quam
739 2515 796 2559 rex
814 2495 862 2559 ita
880 2494 969 2560 caedi
986 2495 1105 2585 iussit,

67 2581 123 2641 ·ut
145 2579 222 2643 nudi
245 2579 373 2663 stipites
394 2578 583 2665 iacerentur,
606 2582 724 2665 quippe
747 2582 830 2648 rami
849 2582 962 2649 fronde
978 2588 1105 2655 vestiti

85 2665 284 2750 inpedissent
314 2667 465 2734 ferentes.
513 2667 587 2752 lpse
618 2670 742 2753 primus
769 2675 917 2737 truncam
943 2671 1103 2743 arborem

85 2755 162 2819 iecit
180 2755 363 2838 clamorque
382 2757 549 2841 exercitus,
571 2757 666 2822 index
685 2758 874 2844 alacritatis,
896 2763 1027 2828 secutus
1047 2770 1105 2831 est

49 2843 174 2906 anullo
197 2841 393 2907 detrectante
416 2866 546 2928 munus,
575 2845 660 2930 quod
682 2869 739 2912 rex
761 2851 958 2931 occupasset.
1002 2848 1153 2921 Intradt

85 2930 259 3013 septimum
287 2930 370 2994 diem
395 2952 548 2997 cavernas
571 2934 790 3021 expleverant,
818 2957 889 3001 cum
911 2957 967 3002 rex
991 2940 1102 3025 sagit·

85 3018 184 3083 tarios
213 3020 246 3081 et
274 3016 436 3102 Agrianos
464 3019 555 3085 iubet
581 3043 639 3105 per
666 3022 766 3088 ardua
791 3023 866 3088 niti:
897 3024 1104 3114 iuvenesque

33 3118 65 3168 ιο
84 3106 343 3189 promptissimos
376 3127 414 3171 ex
447 3129 505 3172 sua
536 3108 668 3176 cohorte
699 3129 770 3176 xxx
802 3111 931 3197 delegit.
984 3110 1104 3185 Duces

83 3194 134 3258 his
163 3195 231 3258 dati
259 3197 335 3259 sunt
358 3193 481 3261 Charus
505 3201 538 3262 et
560 3197 755 3278 Alexander,
784 3222 880 3284 quem
906 3221 963 3266 rex
989 3206 1105 3273 nomi·

83 3282 148 3366 nis,
171 3283 256 3366 quod
279 3283 341 3347 sibi
365 3304 436 3348 cum
460 3306 497 3350 eo
522 3307 689 3351 commune
707 3291 806 3372 esset,
830 3289 1009 3355 admonuit
1046 3292 1104 3361 Ac

83 3369 201 3453 primo,
230 3371 305 3454 quia
331 3374 401 3436 tam
429 3374 636 3439 manifestum
662 3376 841 3458 periculum
869 3381 953 3462 erat,
984 3377 1103 3461 ipsum

25 3468 60 3518 11
77 3478 190 3544 regem
219 3457 392 3526 discrimen
419 3461 526 3528 subire
552 3484 620 3528 non
645 3462 778 3546 placuit:
810 3464 866 3529 sed
897 3469 935 3530 ut
961 3464 1103 3551 signum

63 3548 146 3614 tuba
170 3549 289 3618 datum
318 3555 385 3642 est,
414 3553 467 3621 vir
490 3549 648 3619 audaciae
668 3553 847 3634 promptae
867 3570 1041 3611 conversus
1060 3560 1115 3621 aa
