2422 3892
124 149 190 213 284
501 148 532 213 Q.
552 147 663 202 CURTI
680 148 767 203 RUFI

125 294 227 359 secuti
245 297 346 377 erant,
364 315 383 357 a
401 293 516 358 ceteris
535 293 692 358 discretos
710 293 894 376 elephantis
913 293 950 358 in
964 300 1144 378 conspectu

124 384 226 447 totius
255 382 414 446 exercitus
441 382 550 446 obicit
596 379 778 466 Omnesque
806 381 976 447 beluarum
1000 383 1144 466 pedibus

73 481 106 529 19
125 471 238 535 obtriti
261 475 337 534 sunt
359 490 417 534 nec
439 468 632 554 prohibente
652 467 804 552 Philippo
829 490 888 535 nec
907 473 1055 536 auctorat
1088 474 1143 538 ad-

125 562 321 643 parebatque
339 558 372 622 id
391 557 486 622 modo
505 579 564 640 pro
585 579 642 622 suc
657 556 902 643 vindicaturum,
922 559 1010 642 quod
1024 560 1142 644 adpro·

124 647 235 712 basset
262 650 404 712 eventus.
453 644 525 709 Hoc
552 645 713 710 bellorum
740 645 883 711 civilium
905 645 1141 714 Macedonibus
1188 682 1191 688 ·

72 746 106 794 uu
125 739 158 799 et
181 758 276 801 omen
298 738 332 798 et
353 733 547 816 principium
570 733 641 798 tuit
685 731 851 820 Meleager
876 756 948 800 sero
971 735 1142 803 intellecta

123 823 236 888 fraude
259 821 429 887 Perdiccae
451 827 522 886 tum
544 822 688 906 quidem,
713 822 790 906 quia
812 822 913 906 ipsius
937 827 1069 908 corpori
1093 828 1141 890 ris

71 923 104 970 21
125 933 192 975 non
222 909 439 993 adferebatur,
471 911 505 975 in
537 910 666 994 agmine
697 910 826 995 quietus
859 912 962 976 stetit:
995 915 1032 977 at
1064 936 1142 979 mox

125 999 279 1063 damnata
310 1019 367 1081 spe
399 998 528 1082 salutis,
562 1019 635 1064 cum
664 999 732 1063 eius
764 999 908 1085 nomine,
940 1021 1035 1084 quam
1069 1001 1140 1087 ipse

124 1088 247 1152 fecerat
277 1107 401 1172 regem,
432 1087 467 1152 in
492 1087 668 1171 perniciem
699 1108 791 1152 suam
818 1088 988 1154 abutentes
1016 1089 1141 1155 rideret

124 1177 286 1261 inimicos,
322 1174 470 1259 confugit
501 1175 536 1239 in
565 1176 724 1259 templum
757 1197 808 1258 ac,
839 1198 878 1241 ne
911 1176 975 1242 loci
1008 1179 1139 1262 quidem

124 1265 283 1349 religione
304 1263 464 1347 defensus,
487 1264 650 1329 occiditur.

559 1421 639 1487 Cur.
662 1422 702 1486 X.
799 1429 803 1438 '

90 1541 104 1588 1
212 1527 366 1591 Perdicca
398 1527 552 1610 perducto
584 1528 619 1591 in
650 1528 762 1592 urbem
795 1530 936 1594 exercitu
963 1530 1182 1596 consiliumet

123 1617 306 1701 principum
329 1615 471 1681 virorum
493 1614 617 1698 habuit,
635 1615 670 1680 in
691 1638 755 1700 quc
778 1617 949 1700 imperium
969 1617 1018 1683 ita
1036 1618 1138 1685 dividi

123 1705 260 1789 placuit,
290 1706 327 1768 ut
353 1725 411 1768 rex
438 1703 567 1788 quidem
595 1726 754 1768 summam
782 1706 851 1770 eius
880 1705 1058 1789 obtineret,
1087 1729 1138 1772 aa

124 1800 233 1879 trapes
260 1792 465 1858 Ptolemaeus
494 1793 638 1878 Aegypti
665 1799 739 1858 esset
764 1797 798 1858 et
823 1793 953 1858 Africae
979 1795 1138 1880 gentium,

89 1895 206 1968 aquae
229 1882 262 1946 in
284 1880 410 1945 dicione
433 1885 534 1944 erant.
580 1880 792 1945 Laomedonti
816 1879 913 1963 Syria
937 1903 1010 1947 cum
1032 1881 1138 1948 Phoe·

123 1971 196 2035 nice
219 1969 297 2033 data
319 1971 382 2051 est,
405 1967 555 2031 Philotae
574 1966 689 2033 Cilicia
710 1968 886 2052 destinata,
908 1968 1044 2052 Lyciam
1064 1993 1137 2036 cum

123 2056 318 2139 Pamphylia
340 2059 374 2118 et
395 2055 516 2119 maiore
535 2054 679 2138 Phrygia
701 2058 848 2122 obtinere
868 2058 974 2122 iussus
997 2058 1137 2144 Antigo-

123 2167 193 2226 nus,
215 2144 249 2207 in
268 2140 398 2218 Cariam
416 2140 605 2224 Cassander,
626 2142 802 2209 Menander
824 2146 860 2209 in
877 2144 1015 2228 Lydiam
1033 2149 1137 2212 missi.

123 2232 302 2317 Phrygiam
333 2231 491 2296 minorem
521 2226 732 2315 Hellesponto
763 2233 946 2299 adiunctam
976 2233 1137 2300 Leonnati

88 2320 324 2405 aprovinciam
351 2341 421 2385 esse
446 2319 618 2385 iusserunt
662 2318 867 2404 Cappadocia
897 2321 1036 2386 Eumeni
1061 2345 1137 2388 cum

124 2409 350 2495 Paphlagonia
371 2408 482 2474 cessit:
504 2411 712 2492 praeceptum
731 2413 793 2488 est,
815 2413 853 2474 ut
874 2412 1042 2495 regionem
1063 2433 1136 2476 eam

123 2521 224 2583 usque
252 2498 293 2562 ad
320 2497 524 2580 Trapezunta
551 2496 734 2560 defenderet
760 2503 790 2561 et
812 2497 933 2562 bellum
952 2520 1025 2564 curn
1042 2497 1137 2564 Aria-

88 2601 106 2648 4
125 2588 219 2652 rathe
238 2589 376 2672 gereret:
400 2585 488 2649 solus
508 2584 561 2649 hic
580 2585 781 2650 detrectabat
798 2585 979 2670 imperium.
1016 2586 1136 2653 Pithon

123 2675 273 2756 Mediam,
296 2672 510 2756 Lysimachus
537 2672 708 2738 Thraciam
730 2673 957 2758 adpositasque
976 2675 1136 2741 Thracia-e

123 2765 275 2829 Ponticas
312 2765 425 2845 gentes
458 2760 603 2825 obtinere
639 2762 727 2826 iussi.
781 2761 843 2838 Qui
874 2761 985 2828 Indiae
1017 2764 1136 2848 quique

124 2851 250 2916 Bactris
278 2853 311 2912 et
338 2846 510 2933 Sogdianis
533 2850 711 2934 ceterisque
738 2855 795 2915 aut
818 2850 937 2915 Oceani
961 2853 1018 2916 aut
1044 2852 1136 2916 rubri

124 2938 224 3002 maris
248 2937 365 3001 accolis
389 2941 573 3019 praeerant,
596 2938 711 3020 quibus
735 2939 870 3023 quisque
891 2939 1011 3004 finibus
1032 2940 1136 3005 habu-

122 3028 203 3093 isset
229 3025 410 3108 imperium,
432 3025 616 3089 obtinerent
640 3026 803 3091 decretum
826 3029 888 3091 est:
921 3026 1073 3092 Perdicca
1097 3032 1136 3092 ut

124 3139 196 3181 curn
227 3135 304 3200 rege
331 3117 417 3178 esset
445 3113 609 3197 copiisque
638 3119 814 3197 praeesset,
841 3137 923 3199 quae
952 3137 1063 3201 regern
1086 3137 1134 3180 se-

88 3204 315 3287 squebantur.
369 3200 539 3267 Credidere
571 3202 700 3285 quidam
732 3206 926 3268 testamento
959 3203 1136 3268 Alexandri

124 3291 316 3355 distributas
339 3312 410 3356 esse
427 3291 620 3374 provincias,
643 3290 699 3354 sed
717 3291 838 3354 famam
858 3291 925 3356 eius
943 3293 1001 3376 rei,
1024 3314 1135 3376 quam·

124 3402 221 3465 quam
243 3379 284 3443 ab
304 3379 488 3444 auctoribus
511 3379 635 3443 tradita
652 3381 715 3460 est,
738 3399 855 3442 vanam
871 3379 974 3445 fuisse
992 3382 1135 3464 conperi-

87 3481 204 3535 smus.
248 3465 294 3531 Et
324 3467 452 3551 quidem
485 3488 559 3532 suas
592 3467 725 3551 quisque
758 3486 835 3548 opes
867 3467 978 3532 divisis
1006 3468 1135 3553 imperii

118 3556 270 3643 partibus
298 3555 473 3638 prudenter
498 3555 562 3637 ipsi
588 3553 814 3637 fundaverant,
844 3555 872 3619 ai
900 3577 1052 3640 umquam
1080 3557 1135 3621 ad·
