2422 3892
121 156 183 220 106
420 114 424 121 ’
490 153 521 218 c.
541 150 755 208 1111111111

83 321 99 371 1
119 300 217 365 alium
235 319 330 382 posse
347 295 530 383 praestare?
566 296 684 361 Bessus
708 317 902 380 quamquam
918 298 995 360 ,erat
1012 292 1125 359 Graeci
1137 297 1178 362 31

17 390 20 397 '
49 445 52 452 .
119 381 274 452 sermonis
301 387 447 471 ignarus,
475 389 585 449 tamen
612 385 798 448 stimulante
825 384 1022 448 conscientia
1044 383 1126 447 indi-

119 476 203 540 cium
229 473 373 557 profecto
399 473 573 538 Patronem
600 472 752 536 detulisse
780 471 941 535 credebat:
974 473 1007 535 et
1027 471 1127 535 inter-

118 563 201 646 preti
235 563 337 626 relato
374 581 519 626 sermone
551 558 665 624 Graeci
698 562 845 642 exempta
877 558 1035 624 dubitatio
1068 562 1128 624 est.

118 650 242 714 Dareus
262 652 378 733 autem,
402 651 557 732 quantum
576 668 614 712 ex
632 647 723 711 vultu
742 647 867 730 concipi
884 649 1020 730 poterat,
1040 645 1127 711 haud

120 759 195 801 sane
218 737 348 815 territus
370 736 551 819 percontari
568 733 710 800 Patrona
731 755 860 799 causam
883 733 1017 818 consilii,
1041 734 1127 818 quod

85 826 271 908 aadferret,
308 825 421 907 coepit.
474 823 533 887 Ille
567 843 635 886 non
666 821 752 886 ultra
783 822 993 886 differendum
1028 815 1148 905 ratus,

121 910 275 994 ‘Bessus’,
306 911 424 994 inquit,
456 909 502 975 ‘et
527 909 732 976 Nabarzanes
761 907 963 974 insidiantur
980 909 1055 973 tibi:
1092 909 1128 972 in

78 1038 82 1044 ·
119 999 232 1064 ultimo
261 999 443 1065 discrimine
471 1020 504 1063 es
530 999 679 1062 fortunae
701 1001 776 1061 tuae
799 1000 832 1060 et
853 997 952 1061 ritae:
984 996 1037 1060 hic
1060 996 1127 1060 dies

54 1164 57 1170 Ι
85 1091 176 1161 aaut
202 1087 368 1171 parricidis
400 1090 457 1151 aut
482 1086 542 1150 tibi
570 1086 698 1149 futurus
729 1083 885 1150 ultimus!
930 1083 975 1148 Et
1004 1083 1127 1148 Patron

68 1235 72 1242 .
120 1174 248 1258 quidem
288 1175 451 1260 egregiam
492 1173 672 1238 conservati
707 1172 793 1257 regis
829 1172 965 1256 gloriam
1000 1171 1128 1235 tulerat.

69 1283 101 1331 10
120 1261 264 1327 Eludant
285 1283 336 1325 mc
358 1263 441 1345 licet,
464 1261 579 1344 quibus
598 1260 682 1325 forte
700 1264 819 1324 temere
837 1259 979 1323 humana
996 1259 1129 1343 negotia

119 1351 206 1416 volvi
232 1351 349 1435 agique
377 1370 564 1432 persuasum
595 1351 656 1412 est:
693 1348 829 1428 equidem
856 1347 923 1426 faio
949 1346 1129 1411 crediderim

119 1458 265 1519 nexuque
293 1416 461 1499 causadrm
490 1435 660 1499 latentium
692 1438 724 1499 et
754 1435 856 1499 multo
887 1437 961 1499 ante
989 1434 1127 1498 destina·
1197 1505 1201 1512 ,

120 1527 226 1587 tarum
258 1544 350 1588 suum
382 1543 537 1610 quemque
567 1521 712 1587 ordinem
742 1521 925 1586 inmutabili
955 1523 1026 1606 lege
1057 1542 1128 1604 per-

70 1632 102 1680 11
122 1630 255 1674 currere.
291 1607 415 1674 Dareus
438 1612 523 1674 certe
544 1609 718 1693 respondit,
740 1630 933 1699 quamquam
953 1609 1015 1674 sibi
1030 1607 1128 1673 Grac·

121 1719 231 1763 corum
252 1697 392 1761 militum
412 1697 496 1761 fides
514 1700 593 1763 nota
619 1698 674 1781 sit,
700 1694 875 1781 numquam
897 1701 1007 1762 tamen
1030 1719 1049 1760 a
1071 1718 1128 1780 po·

120 1785 285 1869 pularibus
313 1785 379 1850 suis
406 1806 613 1850 recessurum.
656 1783 827 1850 Difficilius
856 1785 917 1849 sibi
944 1805 1013 1849 esse
1040 1784 1129 1848 dam·

121 1895 212 1955 nare,
235 1894 332 1957 quam
355 1873 467 1956 decipi.
486 1891 490 1898 ·
512 1873 672 1957 Quidquid
694 1874 762 1938 fors
784 1873 923 1962 tulisset,
945 1872 1031 1937 inter
1053 1893 1129 1937 suos

111 1961 244 2045 perpeti
267 1960 371 2044 malle,
394 1981 490 2045 quam
512 1961 715 2045 transfugam
736 1960 814 2025 fieri.
860 1957 937 2025 Sero
961 1959 1129 2043 seperire,

71 2069 102 2118 12
122 2048 150 2111 si
178 2048 302 2112 salvum
333 2068 402 2113 esse
428 2047 546 2112 milites
571 2048 620 2112 sui
641 2048 795 2112 nollent..
817 2045 940 2112 Patron
962 2047 1129 2130 desperata

121 2135 206 2219 regis
229 2135 331 2199 salute
354 2135 395 2198 ad
417 2155 481 2214 eos,
503 2135 619 2218 quibus
639 2136 795 2219 praeerat,
817 2135 920 2219 rediit,
943 2135 1053 2200 omnia
1068 2157 1128 2219 pro

121 2222 183 2287 fide
207 2222 342 2306 experiri
363 2226 504 2306 paratus.

539 2378 617 2446 011.
638 2379 710 2444 XII.

88 2510 101 2554 1
210 2484 256 2551 At
277 2485 395 2551 Bassus
423 2485 586 2551 occidendi
612 2485 759 2568 protinus
786 2484 872 2569 regis
898 2485 1053 2568 impetum
1078 2485 1181 2551 00-32

121 2578 222 2658 perat.
267 2573 330 2639 Sed
352 2574 486 2657 veritus,
507 2594 547 2639 ne
570 2573 708 2658 gratiam
729 2571 913 2655 Alexandri,
935 2573 998 2637 nisi
1020 2572 1128 2637 vivum

123 2681 195 2726 eum
217 2662 414 2747 tradidisset,
436 2663 517 2726 inire
539 2683 609 2726 non
625 2663 749 2745 posset,
772 2660 871 2726 dilato
894 2661 928 2724 in
949 2660 1128 2745 proximam

121 2754 250 2813 noctem
269 2750 396 2813 sceleris
415 2749 547 2814 consilio
566 2768 661 2833 agere
678 2750 743 2832 rapi
760 2749 882 2832 gratias
899 2748 1023 2831 incipit,
1044 2747 1128 2830 quod

122 2836 234 2916 perfidi
260 2835 400 2900 hominis
423 2837 569 2920 insidias,
598 2837 664 2901 iam
685 2835 860 2901 Alexandri
883 2856 959 2918 opes
983 2839 1128 2917 spectan-

122 2921 177 3004 tis,
208 2921 382 3004 prudenter
410 2926 567 3006 cauteque
597 2924 739 2988 uitasset.
789 2922 921 2994 Donum
947 2943 1020 2985 eum
1042 2921 1128 2984 hosti

88 3029 104 3076 a
122 3009 263 3072 laturum
284 3007 384 3072 fuisse
406 3010 491 3093 regis
514 3013 618 3093 eaput.
653 3008 721 3077 Nec
739 3011 849 3074 mirari
865 3009 1029 3073 hominem
1047 3026 1127 3070 mer-

123 3095 196 3159 cede
223 3095 415 3160 conductum
444 3096 552 3160 omnia
577 3096 696 3162 habere
722 3097 863 3162 venaliaz
895 3096 963 3159 sine
985 3094 1128 3177 pignore,

123 3182 191 3245 sine
214 3184 290 3269 lare,
311 3184 469 3248 terrarum
492 3183 578 3248 orbis
599 3185 731 3267 exulem,
753 3183 924 3267 ancipitem
942 3181 1069 3246 hostem
1087 3183 1128 3246 ad

87 3288 103 3336 a
122 3270 236 3333 nutum
255 3270 422 3336 licentium
439 3271 643 3337 circumferri.
678 3270 836 3354 Purganti
854 3269 967 3334 deinde
986 3290 1020 3334 se
1038 3270 1128 3334 deos·

123 3376 182 3438 que
213 3357 335 3439 patrios
367 3361 465 3422 testes
491 3358 565 3422 fidei
592 3380 668 3423 suae
695 3358 860 3421 invocanti
883 3354 1009 3422 Dareus
1036 3358 1127 3422 vultu

123 3442 373 3528 adsentiebatur,
404 3445 494 3510 haud
519 3446 646 3527 dubius,
673 3443 752 3527 quin
778 3465 854 3509 vera
880 3444 1079 3509 deferrentur
1108 3467 1128 3508 a

122 3528 264 3596 Graecis:
301 3532 356 3597 sad
384 3553 421 3597 eo
449 3553 555 3597 rerum
581 3533 712 3596 ventum
740 3534 822 3615 erat,
853 3534 890 3596 ut
916 3534 983 3595 tam
1005 3532 1127 3614 pericu·
