2422 3892
116 140 181 205 218
492 142 524 207 Q.
544 140 652 197 CURTI
669 140 756 196 RUFI

117 285 183 351 suis
211 307 282 351 curn
315 286 428 350 iisdem
460 286 654 370 insignibus,
687 285 759 369 quis
792 284 1038 371 adsueverant,
1070 308 1132 352 cum

67 376 224 459 1111111111
247 375 410 438 veherent.
450 372 539 450 Quae
561 373 741 438 liberalitas
765 373 849 438 sicut
872 372 1065 440 barbarum
1087 376 1132 441 ob

117 464 303 546 strinxerat,
330 462 378 526 ita
405 463 524 527 amicos
552 462 654 545 ipsius
680 460 890 525 vehementer
913 461 1070 528 offendit
1109 462 1133 528 ll

118 551 233 634 quibus
252 549 416 633 Meleager
438 571 535 634 super
558 571 669 615 cenam
692 548 833 633 largiore
854 550 935 614 vino
960 572 1049 617 uene
1071 572 1134 637 gre

116 639 215 703 tulari
238 660 272 702 se
295 637 476 702 Alexandro
499 638 593 721 dixit,
606 636 706 722 ‚quod
733 636 849 701 saltem
871 637 909 701 in
936 635 1044 706 India
1071 661 1134 724 rep

65 727 257 809 reperisset
288 726 421 811 dIgnum
453 726 584 791 talentis
621 725 721 790 mille.
775 723 845 789 Rex
876 724 971 790 haud
1008 727 1134 811 oblitus,

118 836 213 897 quam
237 834 331 899 aegre
354 814 500 897 tulisset,
528 814 613 898 quod
636 811 757 879 Clitum
781 813 821 877 ob
845 812 986 895 linguae
1010 816 1134 880 temeri·

117 904 218 965 tatem
234 901 417 985 occidisset,
438 903 520 967 iram
539 901 667 985 quidem
685 901 792 965 tenuit
810 901 867 965 sed
885 900 991 986 dixit,
1011 903 1135 969 invidos

117 988 264 1054 homines
287 990 369 1054 nihil
393 990 480 1055 aliud
504 1011 600 1074 quam
622 989 766 1074 ipsorum
790 1009 861 1053 esse
882 991 1071 1058 tormenta

524 1145 602 1213 (111.
624 1147 714 1212 XIII.

84 1267 99 1314 1
207 1254 342 1321 Postero
361 1256 412 1319 die
431 1255 532 1339 legati
549 1253 709 1318 Abisarae
728 1253 835 1317 adiere
851 1272 977 1337 regem.
1022 1254 1166 1321 0111111111

119 1344 236 1408 dicioni
260 1344 340 1426 eius,
366 1343 414 1407 Ita
436 1349 474 1407 ut
495 1342 684 1407 mandatum
708 1344 791 1426 erat,
813 1341 1064 1424 permittebant
1091 1345 1136 1408 fir

83 1434 271 1514 amat-aque
297 1430 433 1494 invicem
460 1430 523 1495 fide
544 1431 756 1494 remittuntur
779 1429 820 1494 ad
841 1448 964 1512 regem.
1015 1430 1135 1498 Porum

119 1539 245 1601 quoquc
273 1517 413 1582 nominis
441 1518 492 1582 sui
518 1517 607 1583 fama
633 1521 723 1582 ratus
747 1517 788 1583 ad
809 1516 1017 1583 deditionem
1042 1540 1135 1605 posse

119 1605 274 1688 conpelli,
297 1605 388 1669 misIt
408 1605 540 1670 adeum
560 1603 766 1689 Cleocharen,
789 1605 844 1690 qui
863 1604 1135 1691 denuntiaretei,

118 1697 156 1758 ut
186 1694 380 1778 stipendium
412 1694 565 1779 penderet
596 1694 688 1759 etin
717 1694 822 1778 primo
850 1714 988 1759 suorum
1021 1696 1135 1761 finium

120 1782 210 1847 aditu
232 1787 414 1848 occurreret
431 1784 510 1869 regi
550 1781 653 1848 Poma
677 1783 814 1846 alterum
837 1804 876 1846 ex
893 1780 947 1846 his
965 1782 1134 1849 facturum

120 1892 190 1935 1111
208 1872 386 1955 respondIt,
405 1875 443 1935 ut
461 1871 599 1936 intranti
616 1892 750 1956 regnum
770 1892 863 1935 suum
880 1874 1020 1953 praesto
1041 1876 1135 1955 esset,

82 1969 101 2016 1
120 1957 174 2022 sed
193 1962 345 2023 armatus.
380 1957 449 2023 larn
463 1958 642 2042 Hydaspen
655 1958 839 2024 Alexander
852 1978 1010 2042 superare
1031 1960 1135 2026 decre·

118 2047 224 2125 verat,
250 2067 322 2109 cum
345 2045 553 2130 Barzaentes,
578 2047 768 2112 defectionis
791 2044 982 2111 Arachosiis
1009 2052 1135 2131 auctor,

119 2132 244 2196 vinctus
267 2131 469 2216 trigintaque
492 2133 657 2218 elephanti
676 2133 772 2199 simul
791 2134 879 2216 capti
898 2133 1135 2220 perducuntur,

120 2222 337 2303 opportunum
360 2219 511 2285 adversus
534 2221 631 2286 Indos
655 2219 824 2305 auxilium,
854 2222 973 2305 quippe
997 2223 1080 2306 plus
1101 2224 1136 2289 111

118 2307 224 2373 beluis
261 2330 359 2393 quam
390 2309 424 2373 in
456 2310 598 2374 exercitu
628 2310 698 2392 spei
730 2331 766 2373 11
798 2310 916 2375 virium
948 2307 1020 2374 11111
1054 2315 1135 2376 erat

82 2408 101 2455 4
120 2394 275 2462 Samaxus
295 2418 426 2482 quoque,
447 2419 504 2462 rex
522 2398 656 2482 exiguae
671 2398 773 2481 partis
791 2396 955 2480 Indorum,
973 2398 1035 2481 qui
1054 2398 1135 2464 Bar·

82 2486 226 2550 11111111
257 2507 292 2551 11
319 2486 544 2570 coniunxerat,
575 2486 702 2550 vinctus
730 2484 885 2550 adductus
917 2486 977 2549 est.
1026 2484 1136 2571 Igitur

119 2574 290 2659 transfuga
317 2579 350 2639 et
376 2573 489 2659 regulo
517 2574 552 2638 in
581 2574 772 2656 custodiam,
803 2571 986 2657 elephantis
1020 2578 1135 2641 antem

119 2663 225 2727 Taxili
241 2663 370 2726 traditis
390 2663 429 2727 ad
452 2684 579 2727 amnem
596 2660 772 2745 Hydaspen
794 2660 955 2744 pervenit,
977 2659 1016 2724 in
1041 2662 1134 2728 ouius

120 2751 273 2815 ulteriore
300 2751 372 2833 ripa
393 2749 497 2815 Porus
525 2749 714 2816 consederat
739 2749 881 2814 transitu
902 2746 1135 2833 prohibiturus

82 2839 255 2902 chostem.
293 2855 410 2902 cxxxx
429 2842 504 2903 etv
523 2838 712 2922 elephantos
736 2837 898 2902 obiecerat
919 2836 1043 2902 eximio
1063 2860 1135 2905 cor·

119 2946 233 3009 porum
251 2925 367 2989 robore
385 2925 534 3009 ultraque
553 2948 608 2992 eos
627 2947 738 2991 currus
758 2941 821 2991 ccc
839 2928 872 2989 et
888 2924 1037 3009 peditum
1056 2944 1135 2992 xxx

119 3015 185 3078 fere
204 3013 308 3094 milia,
331 3004 365 3076 in
388 3013 460 3097 quis
484 3018 577 3078 erant
595 3014 765 3099 sagittarii,
788 3011 885 3077 sicuti
907 3015 981 3077 ante
1003 3012 1134 3080 dictum

120 3107 181 3183 est,
214 3101 416 3188 gravioribus
443 3102 532 3185 telis,
559 3126 655 3188 quam
682 3106 720 3167 ut
748 3105 823 3184 apte
851 3100 956 3166 excuti
982 3106 1134 3184 possent

83 3192 229 3275 alpsum
257 3191 396 3255 vehebat
422 3190 610 3275 elephantus
639 3213 734 3274 super
761 3192 883 3255 ceteras
910 3188 1026 3253 beluas
1054 3190 1135 3257 emi·

119 3300 198 3343 nens
222 3300 374 3363 armaque
400 3300 478 3344 auro
502 3282 534 3344 et
561 3282 695 3364 argento
718 3278 870 3343 distincta
893 3298 1009 3361 corpus
1033 3299 1134 3345 rarae

119 3366 352 3450 magnitudinis
384 3367 610 3433 honestabunt
663 3365 728 3431 Par
759 3367 887 3431 animus
919 3364 1030 3430 robori
1062 3388 1136 3435 cor·

116 3455 207 3539 poris
236 3460 281 3542 et,
309 3461 431 3541 quanta
457 3457 542 3522 inter
568 3455 663 3520 rudes
690 3457 818 3537 poterat
844 3475 929 3536 esse,
958 3451 1135 3536 sapientia.

68 3544 305 3616 8Macedonas
326 3569 397 3616 non
420 3548 620 3633 conspectus
636 3542 792 3608 hostium
810 3541 935 3615 solum,
954 3539 1018 3597 seh
1037 3540 1179 3603 sumu
