2422 3892
294 158 547 214 HISTORIARUM
565 157 781 211 ALEXANDRI
800 159 846 227 VI,
865 165 890 213 9.
1034 161 1097 225 139

82 305 257 390 posuistis,
275 303 418 369 admovi.
441 301 595 385 Mediam,
615 323 678 386 qua
695 302 787 366 nulla
803 303 939 404 opulent
925 305 989 367 tior
1006 306 1097 390 regio

89 397 152 476 est,
176 397 208 457 et
231 396 265 457 to
267 396 282 457 t
246 391 422 456 ocivium
443 391 666 474 sociorumque
684 390 809 455 milia
780 391 935 543 pmperio
960 393 1028 456 eius
1052 393 1099 456 di·

89 481 236 565 cionique
254 479 384 545 subieci
420 476 513 543 Unde
527 477 726 561 praesidium
738 479 907 567 petieram,
920 480 1099 582 periculum

90 569 208 634 extitit.
245 568 347 644 Quam
365 567 528 632 feliciter
520 590 553 630 ιιι
568 566 636 630 acie
651 563 852 650 occidissem,
870 571 929 650 pot
929 569 979 632 ius
914 568 1080 634 tt‘hos
1056 573 1099 634 trs
1118 589 1151 636 aa

89 658 220 741 praeda,
247 677 344 741 quam
367 655 447 721 civis
470 655 535 719 vict
521 655 614 719 timu!
659 651 754 719 Nunc
782 658 890 720 servat
890 679 928 720 us
952 678 991 719 ex
1017 657 1099 740 peri·

89 745 170 809 culis
175 767 288 830 ,quae
307 743 377 810 sola
394 743 531 825 timuis
522 765 556 807 ιιι
573 743 654 806 haec
672 742 781 825 incidi,
804 765 885 827 quae
903 745 1017 808 timere
1035 766 1099 809 non

90 794 195 898 debui
246 830 348 900 Solet'
323 836 366 897 trs
394 792 569 896 identidem
602 853 622 894 a
648 851 713 914 me,
744 792 878 916 milites,
908 836 1031 916 petere,
1063 836 1100 897 ut
1118 852 1154 901 24

89 922 187 986 saluti
219 942 309 986 meae
340 940 481 1003 parcam.
534 918 604 1003 Ipsi
638 917 719 982 mihi
750 923 916 1001 praestare
952 922 1100 1005 potestis,

88 1010 175 1093 quod
190 1009 312 1073 suadet
289 1013 341 1090 trs,
358 1011 396 1071 ut
413 1008 541 1072 faciam.
578 1006 629 1070 Ad
648 1009 773 1071 vestras
792 1028 916 1090 manus,
935 1009 975 1072 ad
993 1013 1100 1073 vestra

89 1119 180 1161 arma
204 1097 370 1179 confugio:
404 1095 515 1159 invitis
537 1095 630 1159 vobis
654 1093 763 1159 salvus
787 1115 857 1159 esse
880 1096 968 1160 nolo:
992 1097 1099 1161 volen-

36 1199 79 1265 35
89 1185 178 1249 tibus
200 1205 266 1248 non
288 1203 435 1266 possum,
456 1183 521 1247 nisi
543 1180 708 1248 vindicor'.
752 1180 835 1247 Turn
854 1183 1008 1247 Philotan
1030 1186 1102 1248 reli·
1119 1202 1153 1252 ae

90 1273 177 1356 gatis
204 1275 280 1355 post
304 1274 431 1356 tergum
454 1271 603 1335 manibus
627 1270 773 1335 obsoleto
797 1271 935 1336 amiculo
958 1272 1102 1336 velatum

90 1361 186 1425 iussit
204 1359 323 1424 induci.
358 1357 467 1424 Facile
487 1359 677 1442 adparebat,
701 1360 806 1423 motos
826 1379 897 1423 esse
917 1362 986 1423 tam
1009 1361 1102 1423 mise-

89 1449 187 1514 rabili
212 1448 328 1514 habitu
354 1469 420 1512 non
448 1448 517 1512 sine
544 1446 666 1512 invidia
696 1445 795 1529 paulo
824 1449 900 1511 ante
928 1446 1102 1532 conspecti.

89 1537 213 1602 Ducem
237 1537 399 1622 equitatus
421 1535 525 1619 pridie
543 1535 703 1617 viderant,
730 1534 875 1600 sciebant
896 1535 981 1620 regis
1004 1537 1101 1601 inter·
1120 1554 1155 1602 ae

90 1626 190 1691 fuisse
222 1624 384 1690 convivio:
417 1627 550 1707 repente
581 1644 620 1689 uc
647 1643 739 1688 reum
770 1622 911 1707 quidem,
946 1623 1001 1687 sed
1036 1624 1102 1688 iam

92 1714 292 1794 damnatum,
305 1712 405 1774 immo
419 1713 563 1778 vinctum
575 1712 793 1777 intuebantur.
825 1707 963 1776 Subibat
976 1712 1102 1776 animos
1120 1729 1153 1780 aa

91 1800 313 1865 Parmenionis
337 1819 477 1882 quoque,
498 1800 582 1864 tanti
605 1799 708 1880 ducis,
729 1802 798 1863 tarn
820 1799 899 1863 clari
922 1800 1013 1878 civis,
1040 1800 1103 1865 for-

91 1893 184 1972 tuna,
214 1887 269 1972 qui
297 1887 393 1952 modo
420 1886 545 1953 duobus
572 1887 661 1971 filiis,
694 1884 834 1952 Hectore
868 1909 905 1952 ac
931 1887 1104 1973 Nicanore,

92 1976 226 2042 orbatus
263 1996 336 2041 cum
360 1997 411 2059 eo,
447 1997 542 2060 quem
577 1976 738 2061 reliquum
770 1976 936 2042 calamitas
974 1976 1103 2060 fecerat,

92 2065 208 2131 absens
231 2064 351 2129 diceret
374 2085 512 2129 causam.
552 2064 667 2148 Itaque
685 2064 859 2148 Amyntas,
882 2065 990 2148 regius
1013 2087 1102 2150 prac-
1122 2083 1156 2132 aa

91 2157 159 2236 tor,
190 2153 402 2217 inclinantem
429 2153 470 2216 ad
497 2153 751 2218 misericordiam
778 2152 973 2219 contionem·
992 2175 1103 2220 rursus

92 2262 207 2324 aspera
234 2240 269 2304 in
295 2239 450 2305 Philotan
478 2242 623 2306 oratione
651 2242 841 2307 commovit:
872 2242 1017 2325 proditos
1049 2264 1104 2307 eos

92 2351 163 2394 esse
185 2328 348 2412 barbaris,
370 2329 532 2393 neminem
551 2329 591 2394 ad
609 2331 779 2414 coniugem
799 2331 943 2394 suumin
964 2329 1104 2412 patriam

93 2417 186 2482 etad
209 2421 359 2501 parentes
378 2415 477 2482 fuisse
494 2416 684 2483 rediturum:
708 2416 798 2483 velut
819 2420 968 2481 truncum
987 2437 1104 2500 corpus

92 2504 222 2588 dempto
251 2506 356 2590 capite
323 2505 452 2570 tsine
480 2506 610 2589 spiritu,
638 2507 708 2570 sine
735 2505 866 2569 nomine
890 2504 996 2569 aliena
1018 2507 1105 2568 terra

91 2593 265 2657 ludibrium
282 2593 389 2660 hostis
407 2593 458 2657 fut
443 2596 543 2658 turos.
574 2592 833 2678 Haudquaquam
852 2613 984 2675 prospe
1002 2592 1103 2675 ipsius
1123 2606 1157 2655 aa

93 2680 255 2764 Amyntae
274 2681 379 2746 oratio
403 2686 498 2764 grata
515 2682 585 2766 regi
608 2681 683 2764 fuit,
706 2680 792 2764 quod
811 2680 1007 2765 coniugum,
995 2679 1104 2763 quod

93 2769 219 2852 patriae
238 2769 420 2835 admonitos
438 2770 597 2853 pigriores
612 2768 718 2833 adt
667 2774 718 2833 cet
720 2791 774 2833 era
793 2766 904 2832 munia-
920 2767 1105 2853 exequenda

39 2874 82 2940 3ss
92 2856 232 2921 fcc1sset
278 2856 361 2922 Tum
390 2855 530 2942 Coenus,
562 2878 756 2941 quemquam
783 2855 894 2922 Philot
880 2860 933 2921 tae
961 2877 1103 2923 sororem
1122 2871 1157 2921 30

92 2945 299 3011 matrimonio
333 2966 441 3011 secum
472 2945 694 3030 coniunxerat,
725 2946 837 3011 tamen
869 2945 972 3010 acrius
1006 2968 1103 3030 quarn

91 3035 261 3119 quisquam
289 3034 324 3098 in
350 3033 514 3099 Philotam
542 3034 687 3098 inuectus
716 3038 778 3117 est,
809 3034 1004 3117 parricidam
1035 3055 1103 3099 esse

90 3124 192 3207 regis,
223 3123 363 3206 patriae,
396 3121 516 3187 exercit
501 3124 554 3186 tus
581 3122 694 3187 clamit
680 3125 767 3187 tzans
797 3144 987 3206 saxumque,
1017 3121 1103 3206 quod
1121 3136 1155 3184 31

90 3209 176 3276 forte
205 3215 280 3276 ante
307 3211 404 3294 pedes
427 3211 555 3275 iaccbat
559 3211 734 3294 ,arripuit
757 3210 933 3275 emissurus
960 3209 994 3275 in
1021 3230 1103 3292 eum,

91 3298 297 3383 utplerique
318 3299 532 3378 crediderunt,
505 3298 727 3364 ttormentis
751 3297 939 3363 subtrahere
963 3296 1104 3383 cupiens.

94 3381 156 3448 Sed
179 3406 234 3449 rex
261 3407 393 3452 manum
416 3387 484 3452 eius
510 3349 666 3471 inhibuit,
696 3384 848 3451 dicendae
875 3386 965 3469 prius
989 3406 1104 3451 causae

91 3472 207 3536 debere
221 3472 290 3538 fieri
307 3479 503 3558 potestatem
522 3497 577 3541 reo
592 3495 650 3541 nec
669 3473 764 3540 aliter
781 3473 915 3540 iudicari
932 3495 1103 3558 passurum

91 3581 126 3625 se
151 3560 334 3627 adfirmans.
377 3563 460 3627 Tum
487 3562 629 3629 dicere
619 3585 726 3629 1ussus
748 3561 859 3629 Philot
844 3565 908 3639 tas,
936 3563 1002 3626 sive
1028 3582 1101 3625 con·
1120 3576 1154 3625 aa
