2422 3892
278 160 532 218 mercensem
550 157 765 216 asarenam
783 159 847 228 vu,
866 116 899 213 a
1028 159 1090 224 157

506 353 585 421 Gar.
608 355 667 421 III.

32 484 69 546 ll
170 478 231 544 His
268 480 316 546 ita
350 478 526 564 conpositis
559 477 742 543 Alexander
772 479 906 544 Arsame
939 479 1124 544 Ariorum1

83 572 213 653 satrape
232 568 408 633 constituto
426 568 490 632 iter
508 567 713 649 pronuntiari
730 567 822 631 iubet
839 566 870 632 in
892 566 1092 651 Arimaspos,

83 678 163 741 quos
187 657 253 720 iam
275 660 354 721 tunc
376 658 502 721 mutato
524 655 654 720 nomine
672 654 853 740 Euergetas
874 656 1092 739 appellabant,

63 766 122 808 ex
145 766 208 828 quo
230 743 353 828 frigore
382 744 548 827 victusque
571 744 706 826 penuria
728 740 807 825 Cyri
837 744 1011 809 exercitum
1039 744 1092 808 ad·
1118 790 1120 795 ι

82 832 203 897 fectum
226 832 324 897 tectis
348 834 381 896 et
404 831 635 896 commeatibus
657 831 814 896 iuverant
859 829 997 907 Quintus
1023 831 1126 896 diesa

82 924 162 1003 erat,
183 923 221 985 ut
243 921 277 984 in
301 941 372 984 eam
390 919 555 1004 regionem
573 922 774 1001 pervenerat.
813 917 991 1005 Cognoscit
1009 918 1092 986 Sati·

82 1008 273 1090 barnariem,
305 1007 362 1090 qui
393 1007 435 1071 ad
466 1006 603 1072 Bessum
634 1005 809 1085 defecerat,
841 1029 914 1073 cum
947 1009 1093 1093 equitum

83 1116 181 1159 manu
208 1095 368 1178 inrupisse
395 1115 506 1174 rursus
533 1095 568 1158 in
595 1092 701 1158 Arios.
745 1092 858 1178 Itaque
882 1092 1043 1160 Caranum
1066 1102 1095 1160 et

83 1180 256 1266 Erigyium
283 1203 355 1246 cum
383 1180 545 1246 Artabazo
574 1186 607 1247 et
634 1181 818 1247 Andronico
847 1186 880 1246 et
902 1200 939 1247 v1
961 1184 1093 1248 milibus

85 1267 280 1333 Graecorum
303 1269 447 1352 peditum
474 1290 506 1335 eo
533 1271 632 1352 misit,
658 1290 734 1352 quos
755 1285 802 1333 Dc
830 1269 954 1353 equites
982 1292 1095 1354 seque-

85 1358 212 1422 bantur.
247 1356 322 1441 lpse
339 1374 388 1422 nx
406 1357 518 1421 diebus
536 1362 665 1443 gentem
679 1358 914 1442 Euergetarum
933 1357 1095 1422 ordinavit
1113 1370 1130 1417 3

84 1464 204 1529 magna
230 1446 367 1528 pecunia
395 1446 436 1509 ob
465 1447 629 1529 egregiam
651 1447 686 1510 in
704 1443 823 1529 Cyrum
846 1445 943 1510 fidem
966 1446 1094 1510 donata.

172 1531 298 1598 Relicto
331 1533 459 1616 deinde,
491 1534 545 1617 qui
579 1533 621 1597 iis
652 1539 832 1618 praeesset,
866 1534 1023 1599 Amedine
1054 1546 1130 1593 -4

85 1621 191 1685 scriba
217 1622 246 1685 is
273 1620 375 1685 Darei
402 1621 508 1685 fuerat
532 1657 574 1668 —
598 1619 807 1706 Arachosios,
840 1643 975 1706 quorum
1003 1621 1095 1705 regio

86 1707 124 1771 ad
153 1706 323 1771 Ponticum
355 1729 443 1772 mare
472 1708 628 1792 pertinet,
661 1710 799 1791 subegit.
847 1707 899 1772 Ibi
927 1711 1096 1793 exercitus,

88 1795 143 1878 qui
163 1795 223 1858 sub
241 1794 456 1858 Parmenione
474 1795 588 1878 fuerat,
612 1796 759 1860 occurrit.
804 1793 866 1861 Sex
884 1796 974 1860 milia
991 1796 1096 1861 Mace·

88 1882 208 1946 donum
232 1886 325 1947 erant
348 1886 381 1946 et
399 1898 441 1948 cc
458 1881 584 1947 nobiles
608 1885 681 1947 etv
699 1883 790 1946 milia
812 1881 1009 1948 Graecorum
1024 1905 1096 1949 cum

88 1969 251 2052 equitibus
269 1987 326 2049 nc,
349 1970 435 2035 haud
460 1971 555 2034 dubie
577 1970 677 2035 robur
700 1971 843 2035 omnium
861 1971 977 2036 virium
999 1973 1096 2056 regis.

87 2056 275 2122 Arachosiis
303 2057 397 2123 datus
420 2057 540 2123 Menon
567 2061 696 2142 praetor
717 2076 771 2124 1111
793 2059 924 2124 milibus
950 2061 1131 2143 peditumc

89 2149 121 2208 et
143 2161 190 2212 nc
214 2145 376 2230 equitibus
399 2147 435 2210 in
456 2146 653 2230 praesidium
675 2147 811 2212 relictis.

38 2255 77 2318 12
176 2231 251 2317 Ipse
269 2255 325 2298 rex
343 2235 507 2314 nationem
523 2257 564 2299 ne
578 2234 726 2299 finitimis
741 2236 868 2319 quidem
882 2235 962 2300 satis
975 2240 1097 2319 notam,

89 2321 208 2404 quippe
235 2322 324 2386 nullo
352 2323 544 2388 commercio
567 2325 727 2388 colentem
750 2326 880 2387 mutuos
906 2345 997 2406 usus,
1025 2345 1097 2388 cum

88 2409 228 2474 exercitu
246 2410 389 2475 intravit.
434 2410 706 2495 Parapamisadae
729 2411 947 2493 appellantur,
971 2413 1133 2492 agrestes

87 2496 254 2563 hominum
273 2518 375 2582 genus
395 2501 428 2562 et
444 2499 528 2562 inter
550 2499 708 2562 barbaros
731 2498 870 2561 maxime
888 2496 1099 2561 inconditum.

87 2584 247 2650 Locorum
267 2587 425 2669 asperitas
443 2585 612 2651 hominum
626 2605 753 2668 quoque
766 2584 900 2668 ingenia
918 2584 1097 2648 duraverat.

88 2670 330 2736 Gelidissimum
354 2673 582 2755 septentrionis
602 2693 695 2736 axem
718 2693 756 2735 ex
779 2691 899 2755 magna
916 2675 1009 2754 parte
1029 2694 1099 2755 spe·
1119 2686 1134 2758 ζ(

89 2762 188 2843 etant,
205 2758 388 2824 Bactrianis
408 2761 449 2823 ab
465 2760 627 2824 occidente
641 2759 805 2824 coniuncti
819 2764 903 2838 sunt,
922 2760 1100 2824 meridiana

89 2846 180 2930 regio
200 2846 240 2910 ad
259 2868 347 2911 mare
364 2846 511 2911 Indicum
528 2848 643 2931 vergit
688 2846 834 2931 Tuguria
851 2848 953 2912 latere
972 2850 1012 2913 ab
1031 2849 1098 2913 imo
1118 2859 1134 2909 8

90 2938 220 2999 struunt
247 2937 293 3018 et,
321 2935 397 3019 quia
422 2934 540 3000 sterilis
568 2938 619 3000 est
645 2938 734 3000 terra
761 2936 895 3000 materia
925 2935 985 3017 [iu]
1014 2936 1099 3001 nudo

60 3018 188 3087 'etiam
216 3023 337 3088 montis
365 3023 474 3106 dorso,
500 3045 601 3107 usque
630 3023 670 3087 ad
698 3045 859 3088 summum
883 3024 1100 3089 aedificiorum

90 3110 257 3195 fastigium
281 3110 392 3176 eodem
411 3111 567 3176 laterculo
585 3114 728 3177 utuntur.
771 3108 921 3177 Ceterum
939 3115 1102 3176 structura
1120 3125 1136 3172 e

91 3198 189 3263 latior
221 3199 262 3262 ab
294 3199 360 3264 imo
393 3199 553 3282 paulatim
578 3199 775 3265 incremento
804 3200 909 3284 operis
937 3199 971 3263 in
998 3200 1101 3264 artius

92 3286 234 3370 cogitur,
261 3287 302 3351 ad
326 3288 477 3352 ultimum
498 3286 533 3350 in
556 3288 684 3352 carinae
711 3287 851 3353 maxime
874 3287 1004 3352 modum
1028 3289 1101 3354 coit.

91 3370 142 3436 Ibi
165 3373 324 3439 foramine
346 3375 461 3440 relicto
486 3397 622 3458 superne
645 3376 755 3442 lumen
777 3375 962 3440 admittunt.
1006 3375 1100 3440 Vites
1122 3387 1154 3436 ιο

93 3464 126 3524 et
153 3463 297 3547 arbores,
325 3463 353 3528 si
376 3484 457 3548 quae
479 3463 629 3529 intanto
651 3468 757 3529 terrae
779 3464 888 3548 rigore
911 3464 1024 3527 durare
1047 3485 1102 3541 po-

91 3551 232 3634 tuerunt,
256 3551 396 3617 obruunt
412 3552 553 3638 penitus.
588 3550 708 3619 Hieme
727 3550 1031 3619 serueueram.
1052 3561 1136 3601 cum
