2422 3892
152 173 195 238 86
525 169 557 237 c.
577 168 688 225 cunci
704 168 791 224 nom

153 318 325 403 septimum
349 317 456 381 locum
483 314 681 399 Theodotus,
710 314 862 379 ultimum
888 313 1040 380 obtinuit
1061 313 1173 381 Hella-

116 408 252 478 cnicus.
295 405 335 470 ln
363 403 534 487 disciplina
556 425 681 487 quoque
703 401 852 467 militaris
873 402 921 467 rei
944 424 965 467 a
986 404 1172 469 maioribus

153 495 269 560 tradita
294 494 446 577 pleraque
473 513 599 555 summa
624 492 764 556 utilitate
789 490 936 555 mumvit
980 488 1076 556 Nam
1099 514 1172 558 cnm

153 585 228 647 ante
260 582 383 666 equites
414 580 450 643 in
478 601 571 643 suam
597 580 730 663 quisque
756 582 884 663 gentem
911 577 1172 645 discriberentur

154 692 282 734 seorsus
306 691 325 733 a
347 668 474 751 ceteris,
505 671 653 751 exempto
674 667 841 732 nationum
865 665 1054 732 discrimine
1076 690 1171 753 prae-

153 757 246 821 fectis
272 778 340 821 non
365 757 475 839 utique
499 777 630 820 suarum
652 756 809 839 gentium,
836 753 892 818 sed
915 754 1053 820 delectis
1076 758 1170 822 attri-

119 866 134 914 v
154 845 233 907 buit
277 843 377 928 Tubu,
402 864 474 907 cum
497 846 605 908 castra
626 864 754 908 movere
775 842 882 926 vellet,
903 842 1037 927 signum
1059 843 1170 930 dabat,

155 932 243 995 cuius
285 953 384 997 sonus
418 932 607 1016 plerumque
641 930 907 996 tumultuantium
941 929 1081 996 fremitu
1119 955 1170 999 ex·

155 1019 279 1084 oriente
304 1020 392 1085 haud
414 1020 492 1084 satis
516 1019 754 1084 exaudiebatur:
787 1039 864 1103 ergo
885 1018 1060 1105 perticam,
1087 1042 1170 1105 qnae

153 1107 293 1191 undique
316 1109 457 1193 conspici
479 1111 602 1192 posset,
629 1128 726 1191 supra
747 1106 944 1190 praetorium
967 1108 1105 1188 statuit,
1133 1131 1171 1175 ex

155 1218 219 1280 qua
250 1196 380 1282 signum
408 1196 570 1261 eminebat
601 1196 724 1280 pariter
757 1193 906 1259 omnibus
938 1195 1169 1279 conspicuum:

155 1285 387 1350 observabatur
408 1286 494 1369 ignis
516 1287 629 1365 noctu,
651 1284 758 1348 fumus
780 1282 930 1347 interdiu.

119 1395 136 1442 s
241 1372 374 1456 Iamque
401 1371 483 1435 Susa
514 1372 544 1434 ei
575 1371 700 1436 adituro
726 1369 889 1450 Abulites,
919 1370 1067 1455 regionis
1101 1374 1195 1441 eiust

154 1458 348 1541 praefectus,
380 1459 446 1522 sive
472 1456 570 1521 Darei
601 1459 704 1539 iussu,
734 1461 772 1523 ut
797 1457 1019 1523 Alexandrum
1047 1462 1170 1544 praeda

158 1545 324 1629 retineret,
354 1545 421 1609 sive
443 1566 503 1608 sua
525 1548 639 1629 sponte
661 1546 762 1610 filium
784 1545 912 1610 obviem
934 1545 1042 1631 misit,
1069 1550 1169 1615 tradi·

120 1636 263 1703 ctutum
286 1653 320 1697 se
341 1632 455 1697 urbem
471 1633 674 1716 promittens.
709 1632 854 1718 Benigne
871 1634 1021 1698 iuvenem
1042 1638 1171 1722 excepit

61 1740 84 1769 ·
154 1742 210 1784 rex
231 1724 264 1785 et
285 1720 396 1785 eodem
417 1720 497 1785 duce
515 1721 556 1785 ad
575 1719 739 1804 Choaspin
758 1742 885 1786 amnem
906 1722 1069 1808 pervenit,
1093 1725 1169 1791 deli·

103 1830 136 1879 10
155 1813 272 1893 catam,
299 1812 336 1873 ut
361 1809 449 1873 lama
475 1813 538 1893 est,
564 1809 732 1874 vehentem
759 1830 883 1892 aquam.
927 1807 991 1874 Hic
1012 1808 1169 1879 Abulites

159 1917 232 1961 cum
259 1897 350 1961 donis
372 1898 490 1981 regalis
513 1897 694 1980 opulentiae
717 1897 864 1961 occurrit.
908 1895 1095 1967 Dromades
1119 1922 1169 1967 ca-

137 1985 229 2046 'meli
251 1984 335 2048 inter
358 1984 442 2049 dona
464 1988 556 2048 erant
571 1985 751 2049 velocitatis
770 1984 913 2068 eximiae,
934 2001 985 2049 ΧΠ
998 1985 1169 2075 elephanti

155 2091 174 2133 a
195 2069 302 2134 Dareo
330 2092 368 2134 ex
390 2070 484 2135 India
506 2072 610 2156 acciti,
637 2072 703 2136 iam
723 2093 791 2137 non
812 2076 928 2155 terror,
955 2076 993 2137 ut
1014 2094 1168 2158 sperave·

154 2159 236 2240 rant,
258 2157 479 2241 Macedonum,
501 2159 557 2223 sed
580 2160 741 2244 auxilium,
763 2181 839 2243 opes
857 2160 935 2225 victi
952 2160 994 2224 ad
1007 2162 1168 2230 victorem

104 2267 135 2315 11
154 2245 367 2309 transferente
387 2246 527 2310 fortune.
562 2245 609 2312 Ut
628 2269 704 2325 vero
727 2248 839 2313 urbem
860 2248 1004 2332 intravit,
1025 2250 1167 2318 incredi-

154 2333 251 2397 bilem
274 2354 314 2398 ex
334 2333 496 2398 thesauris
519 2357 678 2400 summam
699 2337 854 2419 pecuniae
876 2335 1005 2421 egessit,
1027 2354 1053 2402 Ι,
1077 2341 1168 2405 milia

153 2422 312 2487 talentum
335 2422 461 2506 argenti
481 2444 549 2488 non
571 2425 690 2508 signati
710 2424 825 2508 forma,
847 2424 903 2488 sed
920 2423 994 2488 rudi
1009 2427 1167 2508 pondere

102 2532 135 2581 12
152 2510 249 2575 Multi
283 2531 376 2597 reges
406 2513 516 2576 tantas
548 2533 625 2594 opes
655 2513 754 2597 longa
785 2514 889 2576 aetate
921 2513 1167 2581 cumulaverant

152 2600 262 2665 liberis
284 2599 497 2686 posterisque,
519 2603 556 2663 ut
577 2600 824 2683 arbitrabantur,
847 2622 927 2684 quas
944 2621 1011 2665 una
1025 2599 1114 2668 hora
1130 2603 1165 2668 in

101 2707 134 2755 13
153 2688 277 2751 externi
298 2689 384 2772 regis
406 2710 522 2753 manus
545 2688 663 2752 intulit
702 2686 856 2753 Consedit
878 2686 991 2752 deinde
1013 2688 1051 2753 in
1073 2691 1166 2777 regia

154 2773 234 2838 solla
256 2776 358 2840 multo
381 2777 554 2841 excelsiore
577 2796 674 2861 quam
696 2797 754 2859 pro
776 2775 891 2840 habitu
911 2775 1065 2859 corporis.
1098 2777 1165 2843 Ita·

154 2880 229 2943 que,
261 2883 333 2926 curn
364 2863 462 2945 pedes
487 2864 631 2945 primum
663 2864 798 2947 gradum
828 2886 896 2929 non
928 2863 1165 2950 contingerent,

101 2966 135 3015 14
153 2968 236 3011 unus
250 2969 303 3015 ,ex
329 2950 427 3032 regiis
453 2950 560 3033 pueris
587 2973 734 3016 mensam
760 2952 902 3016 subdidit
927 2951 1073 3035 pedibus.
1118 2952 1166 3019 Et

153 3056 225 3100 cum
246 3035 439 3120 spadonem,
461 3039 516 3120 qui
538 3037 636 3103 Darei
657 3040 777 3124 fuerat,
799 3039 1065 3125 ingemiscentem
1089 3063 1164 3107 con-

152 3124 309 3206 spexisset
339 3145 408 3207 rex,
440 3145 570 3189 eausam
601 3128 781 3193 maestitiae
807 3128 981 3212 requisivit
1025 3126 1087 3193 Ille
1114 3130 1164 3195 in·

121 3284 126 3291 Ι
152 3210 238 3275 dicat
259 3210 402 3276 Dareum
423 3212 510 3276 vesci
530 3212 565 3276 in
589 3234 627 3278 ea
649 3215 793 3301 solitum,
823 3237 920 3300 seque
943 3236 1070 3281 sacram
1094 3217 1165 3283 eius

150 3320 295 3363 mensem
322 3299 363 3364 ad
392 3300 566 3366 ludibrium
597 3302 790 3368 recidentem
820 3305 889 3368 sine
915 3303 1057 3369 lacrimis
1086 3326 1164 3372 con·

97 3386 271 3469 respicere
294 3409 361 3453 non
383 3410 486 3472 posse.
523 3387 631 3456 Subiit
653 3411 730 3475 ergo
752 3412 862 3476 regem
883 3391 1078 3459 verecundia
1095 3394 1164 3461 vic·

146 3475 237 3539 landi
267 3476 444 3561 hospitales
475 3477 564 3562 deos,
594 3481 721 3563 iamque
751 3479 884 3545 subduci
910 3480 1056 3564 iubebat,
1090 3504 1165 3549 curn

127 3561 299 3633 Philotas:
342 3565 495 3636 ‘Minime
521 3590 602 3636 vero
627 3568 713 3633 haec
734 3566 868 3649 leceris,
892 3585 968 3646 rex,
994 3567 1055 3627 sed
1072 3589 1173 3633 omen

168 3798 223 3844 A
