2422 3892
262 170 515 227 HISTORIARUM
533 172 746 227 ALEXANDRI
764 173 825 242 Vll,
843 179 868 227 4.
887 177 903 227 6
1030 173 1092 237 163

87 316 214 380 caribus
239 316 400 381 concitato
427 317 462 381 in
489 316 594 381 medio
621 317 754 381 barbari
782 319 913 400 gutture
940 317 988 380 ita
1014 317 1094 402 fixit,

54 409 56 415 '
85 410 123 469 ut
144 426 203 487 per
224 404 380 469 cervicem
399 405 562 469 emineret.
601 404 837 488 Praecipitatus
857 427 895 469 ex
917 427 998 489 equo
1021 406 1094 469 bar-

84 494 182 558 barus
211 493 314 558 adhuc
344 497 455 557 tamen
480 494 692 576 repugnabat.
742 491 804 558 Sed
830 494 885 557 ille
916 497 1094 557 extractam
1113 514 1146 561 3‘1

87 581 259 646 evulnere
285 581 414 645 hastam
442 603 552 645 rursus
580 582 614 645 in
639 602 676 645 os
704 580 824 665 dirigit.
870 580 1094 646 Satibarzanes

86 690 185 733 manu
207 670 394 752 conplexus,
417 690 480 752 quo
502 670 659 734 maturius
680 669 842 754 interiret,
865 670 964 734 ictum
988 669 1094 734 hostis

86 758 221 822 adiuvit:
241 762 275 823 et
296 756 428 823 barbari
450 757 529 821 duce
553 758 686 836 amisso,
714 778 808 841 quem
831 759 936 842 magis
958 757 1093 822 necessi·
1113 775 1146 824 38

85 848 153 910 tate
176 866 272 929 quam
291 850 405 929 sponte
425 846 525 910 secuti
546 848 649 927 erant,
672 849 763 928 tunc,
784 845 871 910 haud
889 847 1094 911 immemores

85 934 276 999 meritomm
294 933 485 1014 Alexandri,
509 955 600 996 arma
616 932 751 1018 Erigyio
773 935 915 998 uadunt.
951 934 1020 1000 Rex
1042 934 1094 999 his
1113 953 1147 1000 aa

85 1021 214 1105 quidem
246 1022 366 1104 laetus,
402 1020 442 1084 de
474 1019 642 1104 Spartanis
674 1021 923 1105 haudquaquam
956 1044 1094 1106 securus,

85 1129 204 1193 magno
237 1113 348 1173 tamen
383 1110 492 1172 animo
527 1109 687 1173 defectum
720 1131 831 1174 eorum
861 1111 950 1195 tulit,
986 1111 1093 1175 dicens

84 1218 151 1260 non
174 1200 250 1261 ante
274 1218 369 1261 ausos
395 1197 527 1261 consilia
548 1196 682 1274 nudare,
706 1219 803 1280 quam
824 1198 932 1280 ipsum
950 1198 991 1262 ad
1013 1200 1093 1262 fines

84 1283 194 1349 Indiae
217 1285 400 1368 pervenisse
424 1288 627 1368 cognossent.
668 1284 802 1369 Iamque
824 1284 961 1349 Bessum
988 1307 1093 1369 perse·
1112 1305 1147 1354 ιο

86 1393 186 1456 quens
210 1371 319 1457 copias
347 1373 462 1456 movit,
491 1394 564 1438 oum
592 1374 622 1436 ei
649 1373 803 1457 Erigyius
830 1373 962 1438 barbari
990 1378 1094 1458 caput,

86 1461 228 1545 opimum
251 1461 330 1526 belli
355 1461 464 1545 decus,
486 1460 671 1547 praeferens
695 1462 841 1526 occurrit.

519 1617 599 1684 Car.
620 1619 661 1685 V.

32 1726 75 1792 20
172 1724 276 1808 Igitur
291 1724 540 1788 Bactrianorum
557 1724 689 1808 regione
702 1724 867 1790 Artabazo
886 1726 1008 1790 tradita
1027 1748 1092 1790 sar·
1113 1743 1125 1790 1

85 1814 174 1876 oinas
193 1816 226 1875 et
244 1811 464 1894 inpedimenta
481 1812 528 1876 ibi
548 1833 620 1875 cum
642 1812 805 1894 praesidio
819 1812 987 1898 relinquit.
1019 1813 1093 1897 Ipse

85 1921 157 1964 oum
176 1900 323 1983 expedito
343 1901 473 1984 agmine
490 1901 563 1964 loca
582 1899 709 1964 deserta
727 1899 964 1986 Sogdianorum
983 1903 1094 1986 intrat,

84 1992 242 2054 nocturno
265 1988 380 2053 itinere
400 1989 575 2052 exercitum
594 1987 722 2054 ducens.
759 1990 939 2073 Aquarum,
963 1995 1000 2055 ut
1019 1994 1092 2055 ante
1112 2005 1127 2052 a

84 2075 206 2141 dictum
225 2080 287 2159 eet,
309 2077 443 2160 penuria
465 2076 555 2159 prius
573 2075 795 2161 desperatione
820 2099 915 2162 quam
934 2078 1093 2144 desiderio

84 2163 215 2229 bibendi
242 2164 331 2228 sitim
359 2165 511 2229 accendit.
556 2164 617 2229 Por
641 2181 726 2231 cccc
751 2166 857 2230 stadia
884 2188 926 2230 ne
948 2167 1093 2233 modicus

85 2253 214 2336 quidem
241 2252 358 2317 humor
387 2253 503 2317 existit.
553 2251 701 2317 Harenas
733 2275 836 2338 uapor
868 2256 981 2319 aestivi
1014 2255 1127 2320 solisa

84 2341 241 2405 accendit:
281 2362 363 2424 quae
398 2341 456 2405 ubi
491 2340 630 2424 flagrare
664 2346 852 2424 coeperunt,
883 2342 969 2406 haud
1003 2363 1093 2406 secus

83 2450 179 2513 quam
210 2429 390 2494 continenti
421 2429 568 2494 incendio
601 2434 716 2493 cuncta
746 2432 920 2494 torrentur.
977 2427 1128 2515 caliget

83 2517 198 2583 deinde
224 2518 384 2583 inmodico
415 2521 522 2581 terrae
553 2517 680 2581 fervore
708 2517 847 2582 excitata
874 2516 978 2581 lucem
1009 2517 1094 2600 tegit

83 2627 333 2688 camporumque
350 2626 417 2669 non
431 2606 495 2670 alia
513 2626 609 2688 quam
625 2606 709 2668 vasti
726 2608 759 2667 et
775 2604 927 2687 profundi
943 2606 1092 2688 aequoris

84 2693 205 2776 species
226 2696 284 2757 est.
312 2690 517 2756 Nocturnum
536 2693 599 2755 iter
617 2691 788 2755 tolerabile
811 2691 994 2775 videbatur,
1016 2693 1127 2777 quiao
1152 2767 1154 2772 ¹

82 2802 155 2844 rore
178 2782 212 2844 et
229 2780 389 2844 matutino
408 2779 530 2862 frigore
550 2800 687 2863 corpora
707 2779 904 2845 levabantur.
941 2777 1092 2846 Ceterum

82 2890 155 2932 oum
178 2866 251 2950 ipsa
273 2868 345 2932 luce
368 2870 476 2931 aestus
500 2868 602 2931 oritur
620 2888 811 2952 omnemque
831 2869 1014 2933 naturalem
1037 2870 1092 2934 ab·

83 2957 193 3021 sorbet
215 2955 383 3021 humorem
402 2955 544 3020 siccitas:
568 2976 624 3020 ora
642 2956 828 3041 visceraque
850 2958 979 3040 penitus
998 2978 1092 3022 urun-

37 3038 44 3051 '
81 3049 142 3109 tur.
188 3043 303 3128 Itaque
335 3045 476 3126 primum
505 3044 619 3127 animi,
651 3044 766 3110 deinde
794 3067 929 3129 corpora
957 3045 1126 3110 deficeret

81 3137 264 3217 coeperunt.
309 3131 448 3216 Pigebat
475 3140 507 3196 et
531 3134 706 3198 consistere
730 3136 763 3197 et
786 3134 947 3218 progredi.
992 3134 1092 3198 Pauci

81 3222 226 3304 aperitis
240 3221 382 3304 regionis
398 3220 554 3286 admoniti
568 3225 840 3305 praeparaverant
854 3243 979 3306 aquam.
999 3220 1089 3286 Haec
1109 3238 1124 3284 7

80 3310 247 3394 paulisper
265 3311 422 3393 repressit
441 3308 541 3374 sitim:
561 3310 675 3374 deinde
690 3313 850 3375 crescente
870 3313 962 3375 aestu
979 3332 1091 3375 rursus

81 3397 275 3461 desiderium
293 3398 438 3463 humoris
458 3420 627 3464 accensum
643 3402 700 3464 est
728 3397 832 3484 Ergo,
852 3399 1007 3484 quidquid
1023 3399 1091 3463 vini

80 3486 207 3570 oleique
244 3489 326 3571 erat,
370 3487 480 3553 oribus
517 3488 726 3572 ingerebatur
763 3491 919 3572 tantaque
957 3487 1088 3550 dulcedn

78 3574 209 3639 bibendi
246 3575 322 3658 fuit,
358 3580 396 3641 ut
430 3575 465 3641 in
501 3581 674 3663 posterum
704 3576 783 3642 sitis
817 3597 894 3640 non
923 3573 1044 3699 {mem

910 3678 952 3723 m
