2422 3892
119 137 160 200 72
490 135 522 200 Q.
541 134 755 190 scamnum

116 282 282 365 pulsamus
313 281 458 345 inlatum.
513 279 715 344 lactamur
706 279 843 344 mvicem
873 281 1029 347 varietate
1062 252 1132 347 for·

115 373 221 435 tunae
266 368 464 434 Videlicet
454 369 639 451 rmperium,
671 368 746 452 quia
776 370 889 433 mutuo
919 369 1130 455 adfectamus,

64 478 97 527 ιι
116 480 181 523 una
204 479 283 544 gens
305 479 373 522 ιιοιι
396 456 489 539 capit.
535 454 692 539 Ceterum,
717 455 842 520 etiamsi
866 477 938 540 spes
960 479 1030 523 non
1052 459 1129 522 sub·
1140 456 1184 524 55

117 550 214 630 esset,
236 545 410 611 necessitas
432 548 542 608 tamen
565 545 728 608 stimulare
751 544 892 609 deberet:
920 544 961 610 ad
983 548 1132 612 extrema

116 637 305 719 perventum
328 637 385 697 est.
428 631 499 697 Mat
485 635 567 697 trem
589 653 704 716 meam,
726 638 803 696 duas
826 633 918 716 filias,
943 631 1105 699 Ochum
1093 657 1132 700 m

117 744 207 806 spem
229 722 324 786 huius
347 721 473 804 imperii
496 721 653 806 genitum,
675 721 845 805 principes,
867 721 957 785 illam
979 721 1131 787 subolem

116 811 223 894 regiae
260 810 381 893 stirpis,
418 809 512 874 duces
549 812 673 874 vestros
708 830 835 873 reorum
866 809 969 874 instar
999 809 1131 875 vinctos

116 898 227 961 habet:
260 898 324 961 nisi
351 898 427 983 quid
454 899 489 961 ιιι
516 897 607 962 vobis
635 897 705 980 opis
734 901 794 980 est,
827 912 894 982 ego
914 898 1034 962 maiore
1060 898 1131 963 mei

116 988 208 1068 parte
235 987 381 1069 captivus
406 1008 485 1051 sum.
530 984 655 1068 Eripite
679 985 799 1050 viscera
821 1006 893 1049 mea
916 1006 954 1049 ex
975 986 1131 1051 vinculis:

116 1073 275 1138 restituite
297 1074 377 1139 mihi
399 1076 549 1160 pignora,
576 1095 634 1158 pro
658 1073 774 1157 quibus
797 1073 860 1156 ipsi
882 1073 964 1139 mori
985 1094 1055 1138 non
1078 1095 1131 1139 re·

117 1163 250 1247 ousatis,
272 1166 447 1247 parentem,
469 1164 603 1240 liberos,
630 1183 706 1225 nam
730 1161 900 1246 coniugem
921 1161 957 1225 in
978 1161 1036 1227 illo
1058 1183 1130 1227 car·

65 1270 98 1320 aa
118 1272 187 1316 cere
218 1253 319 1317 amisi.
364 1251 490 1317 Credite
517 1271 603 1315 nunc
630 1271 741 1315 omnes
768 1249 828 1314 hos
850 1249 980 1314 tendere
1002 1249 1046 1314 ad
1068 1271 1130 1316 vos
1198 1280 1201 1287 ·

117 1362 232 1405 manus
237 1341 430 1426 ,inplorare
453 1340 575 1424 patrios
599 1338 688 1423 deos,
712 1359 805 1421 opem
827 1340 981 1421 vestram,
1002 1337 1131 1403 miseri·

117 1391 271 1510 cordiam,
302 1428 398 1491 fidem
416 1447 612 1578 exposcere,
644 1430 681 1491 ιιι
712 1426 932 1510 compedibus,
962 1428 1000 1490 ut
1030 1427 1131 1492 servi·

116 1517 199 1599 tute,
231 1478 271 1578 ut
288 1515 444 1616 precario
475 1515 541 1579 vict
541 1537 562 1577 u
593 1514 682 1596 ipsos
714 1515 864 1579 liberetis,
913 1512 968 1578 An
996 1514 1131 1581 creditis

117 1623 219 1686 aequo
243 1601 349 1667 animo
372 1602 412 1666 iis
432 1602 557 1685 servire,
581 1623 716 1703 quorum
733 1623 825 1687 reges
844 1622 913 1666 esse
933 1601 1133 1668 fastidiunt?

64 1710 99 1760 ιι
117 1689 220 1756 Video
248 1691 409 1756 admoveri
431 1691 516 1756 host
492 1695 573 1755 trum
597 1691 710 1755 aciem:
744 1690 799 1754 sed
823 1712 886 1774 quo
908 1690 1041 1774 propius
1065 1691 1131 1756 dis·

117 1780 236 1845 crimen
259 1780 386 1863 aocedo,
409 1780 471 1845 hoc
493 1780 599 1844 minus
622 1779 671 1862 iis,
696 1799 777 1863 quac
800 1777 865 1841 dixi
869 1799 1034 1862 ,possum
1057 1800 1131 1845 csse

118 1873 193 1933 cont
194 1872 249 1934 ent
249 1892 296 1933 us.
340 1830 403 1933 Pe’r
439 1889 499 1954 ego
535 1889 593 1933 vos
629 1830 706 1931 de'os
742 1866 864 1949 patrios
898 1869 1131 1969 aeternumque

117 1956 507 2041 ignem,qu1'praefertur
526 1955 690 2037 altaribus,
711 1953 932 2038 fulgoremque
949 1955 1028 2020 solis
1040 1955 1132 2022 intra

117 2044 197 2107 fines
233 2045 325 2144 regni
361 2045 425 2109 mei
460 2043 611 2125 orientis,
646 2063 703 2126 per
741 2045 903 2107 aeternam
938 2044 1131 2109 memoriam

118 2129 201 2215 Gyri,
225 2131 280 2215 qui
303 2131 487 2216 ademptum
509 2130 612 2195 Medis
631 2129 821 2214 Lydisque
811 2130 981 2214 imperium
1003 2130 1130 2214 primus

117 2219 152 2281 in
174 2218 336 2283 Persidem
359 2220 481 2284 intulit:
508 2219 667 2283 vindicate
695 2219 736 2282 ab
758 2218 872 2283 ultimo
896 2218 1052 2283 dedecore.
1070 2240 1131 2286 no·

65 2325 98 2376 ao
118 2328 192 2371 men
228 2311 420 2393 gentemque
452 2307 630 2373 Persarum.
683 2306 732 2371 Ite
769 2307 890 2371 alacres
927 2310 960 2371 et
995 2307 1131 2391 spiritus

116 2396 213 2480 pleni,
235 2400 280 2480 ut,
304 2418 399 2480 quam
422 2398 559 2482 gloriam
577 2394 743 2478 accepistis
767 2416 786 2458 a
808 2394 983 2459 maioribus
1000 2396 1131 2482 vestris,

116 2489 191 2568 post
192 2485 253 2550 eris
276 2485 471 2570 relinquatis.
507 2485 546 2550 In
568 2484 687 2548 dextris
709 2482 857 2547 vestris'
848 2505 913 2547 ram
935 2482 1131 2570 libertatem,

118 2595 224 2658 opem,
252 2595 341 2658 spem
369 2574 469 2640 futuri
494 2572 647 2656 temporis
671 2570 754 2656 gerit
754 2570 790 2634 is.
834 2569 959 2655 Effugit
980 2575 1131 2657 mortem,

117 2663 260 2745 quisquis
288 2662 529 2747 contempserit:
502 2659 805 2726 ttimidissimum
832 2679 989 2743 quemque
1016 2680 1130 2725 consc-

65 2768 98 2818 ιι
118 2749 233 2830 quitur.
278 2748 351 2832 Ipse
382 2772 450 2815 non
480 2749 565 2833 patri
567 2771 585 2814 o
617 2768 705 2812 more
734 2747 851 2829 solum,
883 2746 939 2811 sed
966 2746 1064 2811 etiam
1092 2751 1131 2813 ut

117 2836 258 2917 conspici
284 2837 418 2920 possim,
450 2859 543 2902 curru
568 2835 668 2901 vehor
693 2856 752 2899 nec
773 2855 899 2918 recuso,
932 2834 1130 2920 quominus

117 2921 287 2985 imitemini
315 2944 379 3036 me,
411 2925 477 2990 sive
506 2924 704 2989 fortitudinis
732 2923 912 3006 exemplum
940 2922 1006 2991 sive
1035 2922 1130 3007 igna-

116 3009 187 3074 viae
210 3010 315 3073 fuerol

537 3166 615 3235 Gar.
637 3168 708 3235 XV.

82 3296 96 3344 1
204 3273 338 3338 Interim
361 3272 554 3358 Alexander,
586 3278 623 3338 ut
649 3278 681 3338 et
704 3275 956 3340 demonstratum
979 3296 999 3338 a
1020 3272 1181 3341 trans-oc

115 3362 194 3447 fuga
215 3362 403 3426 insidiarum
425 3363 530 3427 locum
553 3363 734 3428 circumiret
757 3367 789 3428 et
811 3362 926 3446 Dareo,
949 3361 1004 3446 qui
1027 3383 1133 3429 cornu

115 3452 279 3534 tuebatur,
309 3454 500 3535 occurreret,
528 3472 645 3537 agmen
672 3452 838 3536 obliquum
859 3451 1005 3515 incedere
1027 3450 1132 3520 iubet.

81 3561 97 3609 ι
116 3538 241 3604 Dareus
265 3561 391 3625 quoque
414 3539 525 3604 eodem
548 3562 642 3606 suum
665 3540 805 3605 obvertit
827 3538 927 3603 Besso
951 3539 1134 3628 admonito,
