2422 3892
108 147 150 211 70
478 149 509 213 Q.
529 147 743 202 continual

105 293 228 376 ipsum,
259 292 343 375 quod
364 292 469 377 ignoti
491 295 610 374 essent,
637 291 796 376 ignobiles
819 311 905 356 esse:
936 311 1119 375 numquam

106 381 248 465 ignorari
270 381 356 445 11111
379 381 487 463 fortes,
510 383 544 444 at
560 380 695 444 inbelles
714 401 752 444 ex
769 379 901 444 latebris
919 378 986 444 1111
1004 382 1118 444 erutos

107 469 189 533 nihil
214 471 343 552 praeter
369 469 501 532 nomina
528 467 660 533 adferre.
704 465 897 532 Macedonas
918 467 1038 531 virtute
1060 469 1118 532 ad·

107 560 246 641 secutos,
267 578 309 621 11
332 557 404 641 quis
426 559 496 621 toto
520 557 596 621 orbe
619 557 709 620 locus
731 559 824 639 esset,
847 555 902 639 qui
922 555 1004 619 tales
1027 554 1119 622 viros

72 666 88 714 1
107 645 279 729 ignoraret.
311 643 516 708 Intuerentur
537 644 747 709 barbarorum
764 642 965 707 inconditum
982 663 1118 728 agmen:

107 733 205 796 alium
227 733 310 797 nihil
330 736 458 815 praeter
478 732 618 797 iaculum
640 731 772 814 habere,
794 731 892 795 alium
913 730 1015 795 funda
1037 752 1120 796 saxa

106 820 237 904 librare,
267 819 377 903 paucis
404 820 489 884 iusta
516 842 605 884 arma
633 841 711 885 esse.
755 819 869 903 Itaque
895 818 984 883 illinc
1004 820 1118 903 plures

72 930 88 978 1
107 910 205 970 stare:
237 906 313 972 hinc
337 908 444 991 plures
467 909 681 973 dimicaturos,
725 906 793 973 Nec
815 907 977 991 postulare
1000 928 1050 991 se,
1078 912 1120 973 nt

105 994 233 1059 fortiter
262 999 465 1080 capesserent
489 997 660 1080 proelium,
690 995 727 1059 ni
752 997 821 1078 ipse
847 995 959 1059 ceteris
987 994 1119 1060 fortitu·

107 1083 191 1148 dinis
217 1082 333 1149 ficisset
359 1085 551 1169 exemplum:
584 1106 618 1148 se
646 1087 720 1148 ante
742 1083 847 1166 prima
868 1084 963 1168 signa
984 1082 1119 1150 dimica·

105 1175 222 1237 turum.
267 1170 429 1257 Spondere
455 1194 514 1256 pro
542 1194 576 1238 se
602 1175 652 1237 tot
678 1172 852 1255 cicatrices,
881 1171 1016 1236 totidem
1045 1193 1118 1237 cor·

105 1260 193 1343 poris
215 1261 342 1327 decora:
366 1262 446 1326 scire
467 1263 557 1345 ipsos
579 1283 679 1325 unum
701 1280 803 1343 paene
822 1280 856 1324 se
874 1259 1009 1343 praedae
1029 1280 1119 1325 oom-

105 1349 212 1412 munis
236 1353 394 1414 exsortem
416 1350 451 1412 in
472 1349 538 1412 illis
560 1348 700 1413 colendis
723 1346 937 1432 ornandisque
958 1369 1119 1431 usurpare

72 1436 257 1505 rvictoriae
283 1435 434 1519 praemia.
478 1435 568 1499 Hace
594 1457 627 1499 se
653 1436 791 1501 fortibus
819 1436 897 1500 viris
922 1435 1034 1500 dicere.
1080 1434 1120 1503 Si

110 1522 165 1605 qui
188 1521 357 1586 dissimiles
380 1544 490 1587 corum
513 1526 629 1606 essent,
650 1524 707 1587 illa
728 1524 828 1588 fuisse
848 1523 1020 1588 dicturum:
1043 1545 1119 1608 per·

105 1610 231 1697 venisse
259 1631 309 1693 eo,
341 1610 426 1674 unde
452 1610 563 1695 fugere
589 1632 656 1675 non
681 1615 822 1695 possent
867 1611 931 1676 Tot
955 1616 1119 1678 terrarum

106 1697 211 1781 spatia
234 1699 379 1782 emensis,
401 1700 452 1763 tot
474 1700 621 1764 amnibus
644 1700 870 1785 montibusque
892 1703 969 1782 post
984 1703 1119 1785 tergum

107 1786 238 1851 obiectis
265 1787 327 1852 iter
353 1789 388 1851 in
412 1788 550 1871 patriam
573 1790 606 1851 et
627 1791 760 1872 penates
783 1810 880 1852 manu
903 1788 1118 1855 1111111111-

71 1896 87 1944 8
107 1873 202 1939 dum?
240 1871 292 1939 Sic
314 1876 423 1959 duces,
448 1877 494 1941 sic
516 1875 654 1961 proximi
676 1876 815 1940 militum
837 1876 984 1941 instincti
1005 1881 1094 1941 1111.

193 1960 318 2027 Dareus
344 1964 380 2027 in
406 1964 497 2028 laevo
525 1986 624 2028 cornu
651 1967 731 2047 erat,
763 1985 882 2049 magno
905 1986 1036 2030 suorum
1059 1965 1168 2052 (ις-63

106 2048 207 2131 mine,
239 2050 369 2114 delectis
397 2052 539 2134 equitum
565 2051 771 2136 peditumque
794 2053 945 2136 stipatus,
971 2056 1118 2119 contem·

105 2139 275 2220 pseratque
293 2138 487 2221 paucitatem
504 2139 617 2222 hostis,
633 2162 751 2204 vanam
769 2141 870 2206 aciem
887 2161 956 2205 1111
975 2143 1117 2209 extentis

71 2246 86 2294 9
106 2224 257 2289 cornibus
279 2229 376 2290 ratus.
414 2223 570 2309 Ceterum,
594 2228 677 2292 sieut
696 2251 790 2293 curru
808 2229 979 2313 eminebat,
1001 2229 1119 2296 dextra

105 2313 257 2396 laevaque
290 2313 330 2377 ad
362 2314 602 2379 circumstantia
633 2317 766 2401 agmina
797 2317 906 2381 oculos
934 2338 1118 2401 manusque

105 2401 343 2485 circumferens,
368 2401 574 2487 ‘Terrarum’,
605 2404 724 2487 inquit,
752 2403 847 2486 ‘quas
871 2403 1015 2470 Oceanus
1038 2405 1119 2473 hinc

105 2489 218 2574 adluit,
247 2490 336 2556 illinc
359 2490 479 2555 claudit
500 2491 744 2574 Hellespontus,
773 2492 870 2574 paulo
890 2496 964 2557 ante
982 2492 1118 2580 domini,

104 2578 169 2642 iam
190 2600 259 2645 non
281 2578 320 2643 de
344 2579 454 2663 gloria,
477 2580 533 2644 sed
556 2580 595 2643 de
618 2580 720 2644 salute
741 2581 782 2662 et,
805 2580 890 2662 quod
909 2580 1006 2645 saluti
1023 2603 1118 2664 prae·

50 2667 238 2751 reponitis,
260 2667 408 2731 libertate
430 2668 640 2753 pugnandum
662 2669 720 2731 est.
759 2666 822 2732 Hic
844 2668 911 2733 dies
933 2668 1117 2755 imperium,

105 2775 167 2835 quo
201 2755 325 2818 nullum
353 2756 489 2837 amplius
523 2756 604 2820 vidit
637 2758 738 2839 aetas,
770 2758 826 2819 aut
856 2757 1030 2821 constituet
1057 2763 1119 2824 aut

104 2840 202 2904 finiet.
255 2838 352 2924 Apud
388 2842 563 2908 Granicum
593 2844 728 2908 minima
762 2843 878 2907 virium
915 2847 1007 2928 parte
1038 2866 1116 2912 cum

103 2928 196 2991 hoste
224 2929 429 2993 certavimus:
458 2931 494 2993 in
521 2929 633 2995 Cilicia
658 2933 759 2996 victos
788 2928 880 3014 Syria
906 2936 1034 3016 poterat
1060 2955 1117 2998 ex·

104 3017 227 3099 cipere:
264 3035 383 3099 magna
418 3018 619 3082 munimenta
652 3020 745 3105 regni
777 3019 883 3104 Tigris
920 3024 1015 3104 atque
1045 3020 1116 3086 Eu·

53 3124 84 3171 11
103 3103 235 3187 phrates
258 3106 359 3168 erant.
403 3103 544 3168 Ventum
568 3108 689 3190 osteo,
721 3108 805 3171 unde
827 3108 930 3191 pulsis
952 3129 992 3173 ne
1015 3108 1116 3194 fugae

104 3192 232 3276 quidem
257 3192 347 3256 locus
372 3194 430 3256 est.
475 3191 591 3257 Omnia
613 3197 680 3258 tam
702 3196 825 3260 diutino
848 3197 933 3262 bello
956 3196 1117 3264 exhausta

103 3283 179 3362 post
204 3284 333 3364 tergum
360 3284 450 3345 sunt:
482 3302 550 3346 non
571 3281 693 3348 incolas
717 3306 792 3348 suos
815 3285 925 3368 urbes,
955 3306 1023 3350 111
1046 3286 1115 3351 cul·

103 3372 190 3432 tores
221 3367 344 3432 habent
373 3372 486 3435 terrae.
536 3367 696 3456 Coniuges
725 3394 851 3457 quoque
883 3375 916 3436 et
943 3373 1036 3437 liberi
1064 3394 1116 3440 se·

104 3460 245 3541 quuntur
266 3456 351 3522 hanc
373 3459 487 3542 aciem,
508 3462 621 3542 parata
642 3461 790 3525 hostibus
812 3460 943 3544 praeda,
965 3461 1030 3526 nisi
1052 3484 1116 3547 pro

52 3565 84 3613 12
103 3545 277 3611 carissimis
299 3546 488 3630 pignoribus
511 3568 646 3631 corpora
668 3549 868 3632 opponimus.
910 3548 1003 3625 Quod
1024 3571 1116 3617 mea·
