2422 3892
138 130 202 194 208
508 127 539 192 Q.
560 128 670 183 CURTI
687 128 773 182 RUFI

138 294 326 357 magnorum
352 273 511 337 montium
542 272 619 355 iuga
645 276 734 335 recto
768 271 858 334 alveo
891 270 1042 354 stringit:
1078 271 1158 335 inde

103 374 119 422 6
139 384 211 427 eum
235 362 380 425 obiectae
403 381 497 442 rupes
521 360 677 423 inclinant
695 359 734 422 ad
754 357 918 423 orientem.
959 357 1073 440 Alter,
1100 359 1158 442 qui

138 451 234 514 rubro
261 448 342 511 mari
366 447 535 530 accipitur,
563 446 676 528 indus,
698 446 786 528 ripas
810 445 990 528 multasque
1016 447 1157 511 arbores

139 558 211 602 cum
230 556 348 620 magna
363 535 424 598 soli
443 537 534 616 parte
554 534 712 617 exsorbet,
732 533 816 598 saxis
831 555 957 616 quoque
974 533 1159 617 inpeditus,

105 625 210 708 'lquis
238 624 348 687 crebro
376 622 610 685 reverberatur:
642 621 698 685 ubi
725 621 855 685 mollius
885 620 989 684 solum
1019 623 1159 705 reperit,

105 723 121 771 8
141 715 273 796 stagnat
295 709 480 792 insulasque
503 710 644 773 molitur.
688 706 842 773 Acesines
866 730 937 772 eum
961 712 1090 799 auget:¹
1106 709 1159 775 dc·

140 820 307 863 cursurum
339 797 373 859 in
404 819 492 860 mare
519 797 619 862 Indus
649 797 816 879 intercipit
846 817 1031 880 magnoque
1059 802 1158 863 motu

142 887 243 950 amnis
266 888 399 967 uterquc
423 885 598 967 colliditur,
625 885 742 967 quippe
767 905 915 967 asperum
939 906 974 949 os
998 885 1158 950 influenti

106 986 121 1033 9
142 973 242 1038 obicit
263 994 322 1037 nec
340 994 543 1055 repercussae
566 993 667 1056 aquae
689 972 812 1035 cedunt.
848 970 1022 1036 Diardines
1041 974 1157 1039 minus

142 1062 265 1126 celeber
297 1061 407 1125 auditu
440 1064 502 1143 est,
539 1061 615 1143 quia
650 1081 707 1143 per
742 1060 859 1125 ultima
890 1058 1003 1123 Indiae
1036 1063 1159 1128 currit:

142 1152 283 1213 ceterum
319 1170 385 1212 non
417 1148 593 1212 crocodilos
626 1147 722 1212 modo
754 1149 803 1212 uti
830 1145 926 1212 Nilus
958 1148 1015 1211 sed
1049 1151 1158 1215 etiam

90 1249 123 1296 10
142 1237 311 1320 delphinos
333 1237 526 1319 ignotasque
551 1234 622 1299 aliis
650 1235 799 1320 gentibus
827 1235 940 1300 beluas
963 1235 1031 1301 alit.
1069 1237 1158 1321 Ety-

141 1325 305 1408 mandrus,
328 1325 449 1388 crebris
472 1324 608 1386 flexibus
632 1323 764 1387 subinde
783 1327 947 1405 curvatus,
969 1321 1011 1386 ab
1032 1327 1157 1390 accolis

142 1413 323 1495 rigantibus
346 1411 502 1493 carpitur:
526 1432 563 1474 ea
586 1413 764 1492 causaest,
789 1432 845 1475 cur
862 1414 974 1475 tenues
993 1411 1158 1496 reliquias

92 1512 120 1558 11
142 1501 207 1563 iam
226 1500 295 1562 sine
314 1499 443 1562 nomine
466 1498 500 1561 in
520 1520 606 1561 mare
631 1498 766 1562 emittat.
801 1498 915 1562 Multis
938 1503 1071 1582 praeter
1096 1501 1158 1567 hos

143 1586 292 1650 amnibus
324 1590 395 1649 tota
423 1586 512 1669 regio
547 1585 710 1668 dividitur,
743 1586 797 1650 sed
830 1586 1041 1670 ignobilibus,
1078 1590 1159 1673 quia

91 1688 123 1734 12
141 1696 207 1739 non
227 1674 305 1739 adeo
324 1678 398 1737 acto
415 1672 611 1738 interfluunt.
639 1671 789 1737 Ceterum
808 1696 889 1757 quae
907 1674 1064 1757 propiora
1079 1682 1158 1742 sunt

20 1836 24 1843 Ι
142 1762 237 1846 mari,
269 1762 431 1846 aquilone·
444 1762 583 1826 maxime
611 1762 798 1826 deuruntur:
826 1762 854 1826 is
877 1762 1040 1826 cohibitus
1066 1764 1157 1849 iugis

142 1850 300 1915 montium
315 1849 355 1914 ad
373 1849 528 1913 interiora
545 1871 610 1913 non
629 1853 777 1932 penetrat
794 1851 841 1925 ita
860 1849 983 1914 alendis
1001 1849 1157 1936 frugibus

93 1951 122 1996 13
143 1939 243 2002 mitia.
280 1935 342 2001 Sed
357 1937 436 2001 adeo
455 1937 490 2000 in
508 1938 566 2001 illa
579 1938 678 2021 plaga
691 1937 828 2002 mundus
844 1942 946 2002 statas
964 1941 1157 2021 temporum

142 2026 226 2089 vices
254 2027 371 2106 mutat,
404 2027 453 2106 ut,
486 2045 558 2087 cum
591 2025 656 2088 alia
685 2025 810 2089 fervore
843 2026 919 2090 solis
951 2030 1157 2111 exaestuant,

142 2110 268 2175 Indiam
295 2112 386 2174 nives
414 2111 566 2193 obruant,
597 2134 784 2196 rursusque,
814 2113 869 2177 ubi
896 2116 1004 2178 cetera
1031 2113 1158 2201 rigent,

142 2199 208 2261 illic
244 2198 465 2262 intolerandus
501 2202 609 2264 aestus
643 2201 769 2264 existat.
823 2198 903 2284 Nec,
940 2221 994 2265 cur
1030 2201 1082 2266 ibi
1122 2226 1157 2269 se

92 2299 124 2346 14
142 2290 258 2351 natura
275 2288 407 2367 vatent,
424 2291 511 2368 putet
533 2307 636 2351 causa.
679 2287 768 2351 Mare
792 2292 890 2372 certe,
913 2310 976 2372 quo
1000 2289 1158 2375 adluitur,

141 2396 181 2439 ne
214 2374 321 2439 colore
354 2374 481 2458 quidem
516 2375 668 2439 abhorret
699 2398 718 2439 a
750 2376 873 2440 ceteris.
924 2376 975 2440 Ab
1004 2376 1158 2460 Erythro

142 2483 217 2545 rege
241 2462 377 2526 inditum
401 2465 450 2526 est
471 2483 601 2546 nomen,
632 2467 764 2546 propter
791 2463 875 2546 quod
903 2462 1008 2547 ignari
1033 2466 1158 2532 rubere

145 2572 244 2634 aquas
266 2550 408 2615 credunt.
960 2567 967 2581 ·

92 2650 122 2697 15
231 2637 332 2702 Terra
349 2636 408 2701 lini
426 2637 529 2701 ferax:
549 2637 622 2701 inde
639 2638 801 2721 plerisque
820 2642 896 2703 sunt
913 2643 1028 2704 vestes.
1061 2640 1201 2721 Libri3l

143 2727 294 2790 arborum
321 2725 423 2788 teneri
452 2724 538 2788 haud
566 2746 656 2790 secus
685 2748 781 2809 quam
809 2726 939 2791 chartae
966 2726 1158 2795 litterarum

92 2825 123 2871 16
142 2816 236 2877 notas
269 2813 408 2894 capiunt.
459 2812 544 2875 Aves
578 2812 616 2876 ad
648 2813 838 2877 imitandum
870 2815 1029 2879 humanae
1063 2818 1159 2883 vocis

144 2920 257 2963 sonum
282 2899 399 2963 dociles
423 2904 510 2982 sunt,
539 2886 691 2964 animalia
717 2901 884 2965 invisitata
911 2901 1025 2967 ceteris
1048 2908 1160 2988 genti·

142 2988 202 3050 bus
225 2986 288 3050 nisi
312 2987 447 3051 invecta.
492 2985 614 3051 Eadem
637 2993 725 3053 terra
747 2989 967 3054 rhinocerotas
987 2989 1064 3074 alit,
1089 2996 1161 3061 non

93 3087 123 3134 ¹⁷
143 3074 709 3244 {effladoqffiqpagpmvffi
732 3081 1161 3249 tellerianis

93 3260 124 3308 18
144 3250 268 3313 Aurum
302 3249 433 3314 flumina
460 3251 593 3334 vehunt,
627 3273 708 3336 quae
739 3251 805 3315 leni
835 3252 1023 3336 modicoque
1058 3255 1161 3343 lapsu

93 3350 124 3396 19
144 3357 259 3421 segnes
288 3360 387 3421 aquas
416 3339 544 3403 ducunt.
594 3337 745 3404 Gemmas
775 3340 1034 3424 margaritasque
1063 3364 1162 3411 mare

140 3425 295 3490 litoribus
323 3425 479 3490 infundit:
511 3448 614 3511 neque
646 3427 711 3490 alia
743 3426 808 3490 illis
836 3429 939 3492 maior
968 3428 1162 3513 opulentiae

127 3535 230 3580 causa
269 3519 336 3605 est,
376 3516 492 3606 utique
528 3518 705 3605 postquam
739 3513 895 3578 uitiorum
928 3520 1162 3587 commercium
