2422 3892
269 140 524 198 HISTORIARUM
542 140 757 197 ALEXANDRI
774 140 821 212 VI,
842 148 865 196 1.
889 148 915 196 2.
1038 143 1101 206 117

85 291 204 371 tamen,
226 286 303 370 quia
321 286 460 351 maiores
480 290 580 370 erant,
599 307 695 370 quam
714 306 795 369 quas
811 285 968 370 praefecti
988 288 1101 352 modus

87 378 225 458 caperet,
243 374 418 440 metuebat
452 373 578 458 Quippe
591 375 775 439 Alexander
787 373 899 439 hostes
913 374 998 439 vinci
1012 377 1101 440 volu·
1122 387 1155 437 18

87 466 171 546 erat,
197 463 408 546 Antipatrum
436 461 553 527 vicisse
582 484 624 526 ne
653 463 771 527 tacitus
800 462 926 546 quidem
955 463 1102 548 indigna·

86 552 194 635 batur,
216 571 292 616 suae
311 551 477 634 demptum
495 549 620 635 gloriae
639 551 843 634 existimans,
861 549 1016 635 quidquid
1034 573 1102 617 oes-

88 638 185 704 sisset
212 639 346 704 alienao.
399 637 514 722 Itaque
546 638 734 722 Antipater,
770 639 827 723 qui
858 640 959 722 probe
990 644 1102 705 nosset
1122 660 1155 709 19

88 727 221 810 spiritus
239 727 318 809 eius,
334 748 401 792 non
419 730 470 791 cst
483 747 580 792 ausus
594 727 664 810 ipse
678 747 773 812 agere
788 727 923 792 arbitria
937 728 1103 810 victoriae,

87 815 142 879 sed
162 816 331 880 concilium
351 813 556 898 Graecorum,
577 814 654 898 quid
672 814 742 879 fieri
760 815 913 899 placeret,
931 816 1101 881 consuluit.

86 903 117 967 Α
145 926 208 988 quo
235 903 484 969 Lacedaemonii
510 902 595 967 nihil
627 903 730 987 aliud,
761 925 857 987 quam
884 908 921 969 ut
954 909 1100 970 oratores
1120 925 1156 974 ao

87 993 217 1056 mittere
231 992 272 1056 ad
290 1011 402 1075 regem
416 992 536 1075 liceret,
554 991 693 1075 precati:
712 1012 732 1054 a
749 1010 826 1074 rege
846 995 954 1058 autem
972 994 1102 1058 veniam

88 1079 279 1144 defectionis
298 1082 429 1162 praeter
452 1083 600 1144 auctores
622 1079 877 1162 inpetravcrunt.
915 1079 1101 1165 Megalopo-

88 1167 210 1248 litanis,
232 1187 367 1250 quorum
389 1167 467 1231 urbs
491 1167 625 1232 obsessa
648 1170 719 1231 erat
742 1189 762 1231 a
783 1166 972 1232 deiectionis
995 1170 1102 1251 sociis,

87 1253 210 1319 Achaei
229 1258 262 1318 et
279 1253 353 1319 Elei
372 1258 502 1320 centum
519 1277 562 1318 xx
579 1254 706 1320 talenta
723 1253 801 1320 dare
819 1255 900 1319 iussi
919 1259 1004 1319 sunt.
1038 1256 1101 1321 Hic
1121 1268 1154 1317 21

87 1343 151 1407 fuit
164 1343 266 1406 exitus
279 1342 369 1426 belli,
383 1343 468 1427 quod
482 1347 614 1426 repente
629 1346 736 1407 ortum
750 1341 841 1425 prius
855 1347 965 1407 tamen
974 1343 1101 1407 finitum

88 1435 150 1515 est,
177 1451 274 1515 quam
296 1430 439 1496 Dareum
463 1431 646 1496 Alexander
674 1431 758 1514 apud
780 1431 905 1495 Arbela
927 1436 1102 1514 superaret.

523 1586 603 1654 One.
625 1588 667 1654 IL

55 1698 78 1760 4
178 1693 240 1782 Sed
253 1698 292 1758 ut
304 1694 445 1777 primum
459 1694 658 1758 instantibus
673 1695 758 1758 curis
772 1695 900 1761 laxatus
915 1698 965 1759 est
974 1696 1099 1760 animus
1121 1708 1135 1757 ι

88 1781 280 1846 militarium
302 1802 409 1845 rerum
433 1802 531 1863 quam
554 1781 672 1865 quietis
694 1782 817 1866 otiique
841 1782 1025 1865 patientior,
1049 1805 1101 1849 ex·

88 1891 201 1953 cepere
224 1889 297 1934 eum
320 1869 520 1952 voluptates,
543 1874 588 1952 et,
611 1891 706 1952 quem
730 1890 822 1933 arma
839 1869 1013 1934 Persarum
1035 1893 1101 1936 non

87 1957 267 2040 fregerant,
294 1957 375 2022 vitia
396 1956 556 2021 viceruntr
582 1957 775 2040 tempestiva
802 1958 951 2022 convivia
974 1961 1007 2023 et
1028 1972 1136 2043 per-a

86 2044 222 2131 potandi
257 2044 537 2129 pervigilandique
576 2045 691 2110 insana
727 2046 861 2110 dulcedo
900 2045 1031 2129 ludique
1068 2052 1101 2112 et

88 2153 204 2218 greges
230 2133 380 2218 pelicum.
430 2132 547 2199 Omnia
572 2134 608 2197 in
635 2137 803 2199 externum
834 2134 928 2217 lapsa
963 2155 1100 2200 morem:

89 2244 184 2305 quem
218 2222 399 2286 aemulatus
428 2222 522 2304 quasi
548 2221 709 2305 potiorem
736 2244 793 2287 suo
821 2222 869 2286 ita
892 2222 1099 2306 popularium
1156 2265 1159 2269 -

90 2310 216 2375 animos
240 2311 414 2393 oculosque
437 2309 560 2394 pariter
582 2311 726 2393 offendit,
748 2314 785 2375 ut
804 2332 823 2374 a
841 2309 1004 2394 plerisque
1023 2311 1101 2374 ami·

87 2419 198 2464 corum
214 2419 273 2482 pro
287 2397 383 2463 hoste
396 2395 581 2463 haberetur.
617 2397 760 2462 Tenaces
775 2398 894 2481 quippe
908 2397 1099 2479 disciplinae
1118 2412 1137 2459 3

87 2508 164 2552 suae
193 2486 370 2570 solitosque
398 2508 496 2569 parco
530 2507 567 2551 ac
593 2485 733 2568 parabili
760 2485 848 2549 victu
878 2484 919 2548 ad
946 2484 1100 2567 inplenda

87 2578 223 2639 naturae
246 2573 406 2638 desideria
429 2573 562 2656 defimgi
584 2573 619 2636 in
640 2571 812 2656 peregrina
839 2574 873 2634 et
899 2571 1098 2636 devictarum

88 2661 235 2746 gentium
260 2661 348 2725 mala
370 2661 542 2744 inpulerat.
587 2659 674 2724 Hinc
697 2660 825 2742 saepius
849 2662 1042 2741 conparatae
1064 2659 1099 2723 in
1118 2675 1136 2724 4

88 2751 187 2830 caput
210 2747 278 2812 eius
301 2747 451 2830 insidiae,
479 2747 616 2811 secessio
640 2746 783 2811 militum
806 2749 839 2811 et
860 2746 993 2811 liberior
1014 2748 1100 2812 inter

90 2839 219 2899 mutuas
243 2834 404 2918 querellas
427 2834 531 2918 dolor,
552 2835 655 2918 ipsius
679 2833 791 2898 deinde
813 2856 899 2899 nunc
926 2834 989 2919 ira,
1014 2857 1100 2900 nunc

89 2922 303 3007 suspiciones,
330 2944 410 3005 quas
438 2923 601 2987 excitabat
628 2923 831 2987 inconsultus
854 2943 956 3006 pavor
977 2927 1099 2989 cetera-

56 3016 149 3096 5que
168 3009 220 3075 his
239 3009 369 3093 similia,
388 3032 470 3094 quae
487 3011 600 3075 deinde
619 3010 771 3077 dicentur.
803 3010 910 3095 Igitur
928 3032 1001 3077 cum
1019 3015 1096 3076 tem-
1118 3028 1135 3078 5

86 3100 224 3183 pestivis
252 3098 408 3164 conviviis
436 3098 504 3164 dies
532 3100 655 3182 pariter
686 3102 861 3183 noctesque
888 3107 1100 3182 consumeret,

88 3190 273 3253 satietatem
292 3187 461 3271 epularum
479 3186 564 3252 ludis
583 3188 824 3272 interpellabat:
843 3208 910 3252 non
928 3191 1099 3253 contentus

88 3277 263 3359 artificum,
295 3296 376 3359 quos
409 3297 426 3340 e
458 3274 595 3341 Graecia
628 3276 802 3358 exciverat,
832 3275 943 3340 turba:
979 3276 1098 3360 quippe

88 3363 235 3446 captivae
257 3364 453 3428 iubebantur
471 3386 528 3429 suo
547 3364 613 3428 ritu
632 3384 746 3428 canere
768 3362 969 3428 inconditum
992 3368 1026 3428 et
1044 3365 1098 3428 ab·

87 3448 224 3514 horrens
246 3452 427 3535 peregrinis
451 3452 582 3516 auribus
607 3472 746 3516 carmen.
789 3450 881 3516 Inter
901 3473 981 3534 quas
999 3469 1133 3522 unampc

85 3559 145 3604 rex
162 3537 246 3603 forte
265 3539 433 3624 conspexit
450 3539 656 3605 maestiorem
676 3561 772 3623 quam
789 3542 912 3604 ceteras
931 3542 964 3604 et
981 3539 1097 3622 produ·
