2408 3900
116 121 181 186 278
491 117 523 184 Q.
542 115 652 172 cuum
669 115 756 172 RUFI

537 330 616 397 Ore.
638 330 712 397 VII.

84 453 99 504 1
206 441 340 527 Iamque
359 443 557 506 armatorum
577 439 661 503 cirea
678 435 881 522 Meleagrum
894 437 1063 523 frequens
1078 437 1172 524 glo-u

118 532 179 597 bus
207 535 278 596 erat
298 530 332 595 in
360 529 550 594 seditionem
576 548 613 591 ao
635 525 828 591 discordiam
851 546 956 592 versa
981 527 1142 610 contione,

120 642 191 686 cnm
220 619 352 704 quidam
378 617 541 702 plerisque
569 614 780 680 Macedonum
803 614 942 699 ignotus
967 636 1012 681 ex
1035 616 1142 680 intima

84 709 225 792 aplebe,
256 706 351 784 ‘Quid
376 728 457 789 opus
485 703 560 788 est,'
587 703 706 788 inquit,
730 702 842 768 ‘armis
865 703 1034 788 civilique
1060 705 1141 770 bello

119 796 315 862 habentibus
341 814 466 879 regem,
493 815 588 878 quem
611 790 788 877 quaeritis?
816 791 1047 878 Arrhidaeus,
1073 792 1142 858 Phi·

118 885 207 969 lippo
226 884 370 969 genitus,
392 881 568 947 Alexandri
585 881 685 966 paulo
705 884 780 945 ante
794 881 881 966 regis
896 880 1022 965 frater,
1043 904 1141 948 sacro

119 995 192 1038 rum
210 972 540 1055 caerimoniarumque
557 991 688 1035 consors
702 969 808 1052 modo,
825 991 914 1034 nune
929 971 1031 1037 solus
1045 971 1140 1053 heres,

118 1061 314 1146 praeteritur
341 1083 360 1125 a
383 1060 484 1126 vobis.
534 1057 606 1136 Quo
638 1078 695 1124 suo
727 1057 865 1123 merito?
902 1059 1036 1144 quidve
1062 1061 1140 1145 feeit,

120 1172 176 1215 cur
192 1150 290 1215 etiam
309 1150 455 1234 gentium
469 1147 631 1213 communi
644 1146 713 1212 iure
726 1146 917 1213 fraudetur?
948 1146 990 1214 si
1005 1149 1139 1216 Alexan·

121 1238 178 1304 dro
206 1238 346 1304 similem
369 1237 537 1323 quaeritis,
564 1257 740 1320 numquam
762 1235 948 1321 reperietis,
979 1239 1014 1304 ai
1039 1240 1140 1324 proxi·

85 1338 101 1385 a
121 1349 218 1410 mum,
235 1326 288 1392 hio
305 1326 394 1392 solus
409 1325 479 1390 est’
515 1324 576 1390 His
590 1324 709 1390 auditis
723 1325 832 1391 contio
845 1324 955 1409 primo
972 1327 1139 1394 silentium

120 1416 207 1480 velut
233 1416 322 1480 iussa
348 1414 476 1479 habuit:
508 1415 712 1480 conclamant
733 1412 847 1479 deinde
872 1416 1008 1498 pariter
1033 1417 1138 1482 Arrhi-

122 1503 235 1567 daeum
257 1503 436 1567 vocandum
461 1523 530 1567 esse
548 1505 749 1588 mortemque
767 1502 912 1587 meritos,
936 1505 1001 1588 qui
1021 1506 1135 1572 contio-

84 1603 193 1656 4nem
222 1590 291 1655 sine
320 1613 357 1656 eo
384 1590 584 1656 habuissent.
633 1590 713 1655 Tum
743 1589 864 1657 Pithon
890 1591 1020 1674 plenus
1052 1594 1136 1660 lacri-

120 1702 247 1745 marum
270 1678 394 1745 orditur
416 1679 534 1764 dicere,
557 1679 653 1744 ‘nunc
675 1680 727 1744 vel
749 1680 888 1744 maxime
911 1681 1139 1749 miserabilem

120 1790 190 1834 esse
216 1768 450 1852 Alexandrum,
477 1768 532 1853 qui
558 1772 626 1834 tam
649 1768 807 1834 bonorum
830 1767 953 1833 civium
980 1772 1137 1838 militum·

120 1878 181 1941 que
202 1856 311 1922 fructu
335 1862 367 1922 et
390 1856 575 1940 praesentia
596 1856 765 1922 fraudatus
785 1859 883 1922 esset:
906 1877 1039 1926 nomen
1058 1860 1138 1926 enim

120 1946 372 2029 memoriamque
403 1945 490 2029 regis
522 1945 573 2010 sui
603 1949 730 2011 tantum
762 1946 926 2012 intuentes
955 1949 1004 2014 ad
1036 1953 1140 2016 cetera

120 2032 262 2116 caligare
285 2032 367 2115 eos',
393 2032 480 2096 haud
503 2033 652 2117 ambigue
675 2035 710 2098 in
732 2035 894 2118 iuvenem,
917 2036 973 2100 cui
1003 2060 1138 2125 regnum

87 2131 102 2178 o
122 2120 355 2203 destinabatur,
381 2121 530 2205 ingerens
555 2123 684 2204 probra.
723 2121 812 2198 Quae
831 2123 1010 2210 obiecerat,
1035 2128 1138 2214 magis

120 2208 184 2291 ipsi
212 2207 334 2291 odium,
362 2230 458 2292 quam
482 2209 662 2275 Arrhidaeo
690 2215 911 2295 contemptum
934 2216 1138 2281 attulerunt:

84 2308 101 2355 e
121 2297 238 2381 quippe
256 2297 332 2362 dum
351 2298 552 2381 miserentur,
571 2300 669 2363 etiam
688 2298 797 2364 favere
815 2306 1005 2383 coeperunt.
1032 2303 1139 2390 Igitur

119 2407 185 2450 non
213 2385 311 2450 alium
338 2408 447 2472 regem
476 2408 511 2451 se
538 2408 635 2471 quam
668 2408 753 2466 eum,
781 2389 837 2473 qui
865 2388 905 2452 ad
931 2388 1023 2456 hanc
1049 2415 1140 2478 spem

120 2475 249 2558 genitus
278 2479 377 2559 esset,
404 2496 556 2559 passuros
582 2475 740 2558 pertinaci
764 2475 1004 2544 adclamatione
1032 2480 1139 2548 decla·

85 2573 100 2620 7
120 2567 193 2627 rant
211 2564 382 2647 vocarique
396 2563 612 2628 Arrhidaeum
631 2564 752 2629 iubent.
784 2563 886 2640 Quem
900 2563 1077 2654 Meleager
1095 2571 1140 2635 in·

119 2652 222 2716 festus
243 2652 430 2737 invisusque
448 2653 619 2718 Perdiccae
638 2656 766 2718 strenue
785 2652 932 2738 perducit
950 2655 989 2719 in
1008 2659 1139 2743 regiam

120 2743 153 2804 et
175 2740 295 2804 milites
318 2740 503 2825 Philippum
527 2743 764 2807 consalutatum
787 2762 897 2826 regem
921 2744 1110 2826 appellant

82 2836 100 2884 8
209 2825 358 2893 Ceterum
394 2829 475 2894 haec
511 2831 600 2914 vulgi
636 2834 708 2895 erat
739 2851 815 2915 vox,
850 2829 1040 2915 principum
1077 2829 1169 2901 alicu

121 2915 289 2978 sententia.
334 2915 362 2979 Ε
386 2918 502 3001 quibus
525 2918 647 2983 Pithon
668 2918 840 2983 eonsilium
863 2917 1042 2986 Perdiccae
1070 2945 1138 2989 exe·

120 3003 174 3086 qui
201 3005 308 3088 coepit
335 3007 524 3088 tutoresque
547 3006 687 3071 destinat
710 3007 778 3072 filio
802 3030 840 3071 ex
862 3005 998 3072 Roxane
1023 3009 1138 3077 futuro

84 3091 304 3158 9Perdiccam
334 3096 367 3157 et
394 3092 609 3178 Leonnatum,
638 3095 737 3179 stirpe
764 3096 855 3182 regia
882 3095 1024 3179 genitos,
1076 3100 1138 3165 Ad·

119 3182 203 3265 iecit,
226 3183 320 3246 utin
343 3181 475 3266 Europa
499 3181 649 3248 Craterus
673 3189 707 3248 et
729 3182 903 3268 Antipater
919 3203 972 3248 res
997 3185 1138 3253 admini-

120 3271 269 3334 strarent.
306 3271 389 3336 Turn
411 3271 633 3336 iusiurandum
657 3295 677 3337 a
700 3272 835 3357 singulis
863 3275 1023 3356 exactum,
1050 3275 1138 3341 futu-

67 3366 100 3413 10
118 3377 172 3421 ros
190 3360 224 3421 in
243 3363 441 3441 potestatem
459 3361 546 3446 regis
565 3361 666 3445 geniti
685 3360 878 3425 Alexandro.
907 3356 1082 3447 Meleager
1096 3401 1138 3410 -

117 3443 202 3509 haud
234 3446 351 3512 iniuria
378 3454 466 3514 metu
495 3448 645 3533 supplicii
672 3450 805 3514 territus
833 3468 905 3514 cum
933 3449 1001 3513 suis
1033 3472 1136 3517 seces·

116 3538 203 3600 serat
218 3571 255 3580 —
271 3556 382 3600 rursus
397 3536 583 3623 Philippum
598 3536 729 3602 trahens
745 3558 851 3602 secum
866 3534 992 3620 inrupit
1005 3540 1135 3624 regiam
