2422 3892
127 152 191 216 164
496 152 527 216 Q.
547 150 657 206 CURTI
674 151 761 205 RUFI

89 295 247 367 aGraves
279 296 393 360 deinde
426 295 518 359 avide
555 295 671 360 hausto
708 295 842 359 humore
875 317 941 360 non
973 297 1143 363 sustinere

125 407 227 468 arma,
257 406 323 448 non
351 383 476 466 ingredi
506 387 657 466 poterant
685 389 718 447 et
743 383 902 448 feliciores
929 385 1142 468 videbantur,

124 495 204 558 quos
238 495 322 556 aqua
353 472 526 554 defecerat,
562 492 634 536 cunr
668 471 731 554 ipsi
764 473 831 535 sine
863 472 958 536 modo
990 473 1142 539 infusam

89 562 250 629 evomita
287 565 478 644 cogerentur
514 579 651 644 egerere.
706 559 847 624 Anxium
884 580 993 644 regem
1030 565 1141 629 tantis

123 650 220 714 malis
244 648 430 714 circumfusi
449 648 558 730 amici,
580 650 617 711 ut
639 649 841 712 meminisset
858 649 1008 725 orabant,
1033 651 1141 716 animi

124 739 174 802 sui
202 737 459 821 magnitudinem
486 736 615 800 unicum
643 736 820 800 remedium
847 736 1023 800 deficientis
1047 761 1141 804 exer·

74 845 106 893 10
124 827 207 891 citus
226 847 308 889 esse:
332 846 404 888 cum
424 846 462 889 ex
479 824 541 907 his,
560 825 614 907 qui
632 828 874 906 praecesserant
887 825 928 889 ad
942 824 1141 907 capiendum

123 915 230 977 locum
250 913 377 992 castris,
401 912 462 976 duo
483 916 654 977 occurrunt
671 913 798 976 utribus
818 934 936 996 aquam
956 917 1141 1000 gestantes,

124 1004 162 1066 ut
187 1001 264 1065 filiis
293 1001 372 1084 suis,
404 1023 484 1085 quos
516 1001 550 1064 in
578 1001 689 1065 eodem
717 1001 846 1083 agmine
879 1022 948 1065 esse
976 1004 1009 1064 et
1036 1024 1141 1089 aegre

74 1108 105 1156 11
124 1090 195 1173 pati
218 1089 306 1153 sitim
328 1111 394 1153 non
416 1089 625 1174 ignorabant,
655 1092 865 1153 occurrerent.
911 1088 1074 1164 Quicum
1104 1093 1142 1157 in

124 1199 234 1264 regem
273 1177 476 1259 incidissent,
512 1179 596 1242 alter
629 1198 667 1241 ex
702 1176 754 1240 his
786 1180 857 1240 utre
889 1177 1033 1242 resoluto
1068 1202 1142 1264 vas,

125 1267 210 1351 quod
229 1267 326 1330 simul
348 1265 485 1347 ferebat,
508 1266 610 1347 inplet
628 1267 797 1350 porrigens
816 1266 893 1349 regi.
924 1264 985 1328 Ille
1005 1267 1142 1352 accipit.

123 1354 348 1438 Percontatus,
376 1354 491 1437 quibus
515 1374 633 1435 aquam
657 1357 838 1435 portarent,
866 1353 943 1417 filiis
969 1352 1055 1417 ferre
1085 1378 1142 1423 co-

74 1461 104 1508 12
125 1443 261 1526 gnoscit.
296 1442 386 1505 Tunc
402 1442 518 1523 poculo
537 1442 641 1522 pleno,
661 1441 743 1504 sicut
757 1442 903 1505 oblatum
918 1445 977 1524 est,
994 1441 1142 1530 reddito,

86 1574 89 1580 -
124 1529 204 1594 ‘Nec
227 1528 337 1612 solus',
359 1529 477 1612 inquit,
501 1527 620 1592 ‘bibere
644 1530 788 1593 sustineo
810 1551 870 1592 nec
892 1532 961 1594 tam
980 1530 1141 1615 exiguum

125 1618 266 1681 dividere
306 1616 456 1681 omnibus
493 1637 635 1699 possum.
693 1614 762 1680 Vos
798 1616 917 1682 currite
951 1621 984 1681 et
1018 1618 1140 1685 liberis

26 1737 30 1743 ·
124 1700 254 1789 vestris,
277 1705 515 1790 quodpropter
538 1705 611 1768 illos
636 1704 810 1787 attulistis,
833 1703 927 1769 date'.

74 1813 104 1860 13
212 1794 356 1858 Tandem
375 1793 415 1856 ad
433 1793 552 1857 flumen
566 1792 670 1857 Oxum
687 1793 757 1875 ipse
775 1793 922 1875 pervenit
939 1794 1046 1875 prima
1066 1795 1185 1864 fere21

124 1904 272 1966 vespera,
303 1882 358 1946 sed
381 1883 538 1946 exercitus
562 1902 681 1965 magna
703 1903 777 1963 pars
800 1902 865 1944 non
888 1885 1037 1963 potuerat
1061 1904 1140 1949 con-

125 1971 224 2053 sequi.
273 1968 313 2032 In
346 1969 431 2032 edito
460 1973 569 2032 monte
596 1970 688 2051 ignes
716 1969 806 2033 iubet
835 1969 916 2052 fieri,
942 1973 980 2033 ut
1005 1969 1045 2052 ii,
1081 1976 1141 2057 qui

125 2077 220 2139 aegre
248 2056 475 2138 sequebantur,
507 2056 593 2119 haud
619 2057 730 2138 procul
758 2057 874 2120 castris
901 2057 989 2139 ipsos
1017 2058 1141 2126 abesse
1205 2086 1208 2091 ·

74 2164 106 2211 14
125 2147 364 2227 cognoscerent.
413 2143 480 2206 Eos
509 2145 630 2226 autem,
659 2144 714 2227 qui
741 2144 835 2226 primi
863 2144 1002 2229 agminis
1030 2153 1141 2232 erant,

125 2235 250 2295 mature
278 2231 350 2295 cibo
379 2252 416 2296 ac
437 2231 568 2313 potione
597 2231 756 2316 firmatos,
783 2232 906 2314 inplere
930 2233 1011 2298 alios
1034 2239 1141 2320 utres,

125 2321 206 2386 alios
235 2341 326 2402 vasa,
354 2319 605 2403 quibuscumque
630 2341 713 2403 aqna
739 2321 864 2402 portari
886 2323 1009 2404 posset,
1036 2322 1142 2390 iussit

74 2427 105 2475 15
125 2430 162 2472 ac
182 2408 248 2472 suis
267 2428 362 2491 opem
380 2406 473 2471 ferre.
510 2405 572 2471 Sed
591 2408 646 2491 qni
663 2408 930 2490 intemperantius
948 2409 1142 2497 hauserant,

125 2496 301 2562 intercluso
325 2496 441 2578 spiritu
464 2495 599 2560 extincti
618 2499 692 2559 sunt
710 2497 877 2580 multoque
896 2497 999 2562 maior
1016 2497 1141 2566 horum

74 2604 275 2652 innumerus
307 2584 383 2666 fuit,
416 2606 512 2667 quam
539 2583 607 2647 ullo
638 2584 791 2647 amiserat
821 2585 953 2666 proelio.
999 2584 1045 2649 At
1078 2589 1141 2654 ille

124 2673 290 2738 thoracem
322 2672 424 2737 adhuc
459 2671 590 2736 indutus
621 2692 680 2735 neo
715 2676 771 2736 aut
802 2672 872 2736 cibo
904 2672 1044 2738 refectus
1079 2682 1142 2742 aut

125 2766 218 2843 potu,
252 2782 316 2844 qua
340 2760 491 2824 veniebat
519 2760 691 2842 exercitus,
723 2760 872 2825 constitit
902 2782 960 2825 nec
988 2765 1064 2826 ante
1096 2766 1142 2829 ad

126 2847 302 2912 curandum
334 2868 449 2930 corpus
481 2847 627 2930 recessit,
665 2870 762 2931 quam
793 2850 1040 2932 praeterierant,
1080 2854 1142 2936 qui

126 2955 243 3018 agmen
271 2935 460 3016 claudebant,
483 2939 649 3018 totamque
674 2958 744 2999 earn
766 2941 895 3001 noctem
919 2960 990 3000 cum
1014 2960 1140 3023 magno

74 3043 105 3092 rr
125 3023 224 3087 animi
251 3025 342 3086 motu
369 3023 534 3105 perpetuis
561 3024 683 3106 vigiliis
711 3025 787 3108 egit.
831 3022 900 3088 Nec
927 3029 1058 3108 postero
1085 3029 1141 3094 die
1188 3042 1193 3051 ·

125 3112 242 3176 laetior
265 3115 346 3193 erat,
370 3110 446 3193 quia
467 3131 527 3175 nec
550 3112 681 3194 navigia
703 3111 846 3177 habebat
865 3134 924 3178 nee
945 3135 1028 3196 pons
1052 3117 1141 3202 erigi

124 3204 268 3282 poterat,
296 3200 414 3263 circum
438 3220 564 3262 amnem
586 3201 671 3265 nudo
694 3201 757 3265 solo
780 3205 812 3264 et
836 3202 972 3266 materia
994 3205 1141 3271 maxime

126 3287 237 3351 sterili.
274 3285 453 3352 Consilium
474 3287 586 3371 igitur,
610 3288 694 3372 quod
712 3310 810 3351 unum
829 3290 1004 3355 necessitas
1029 3292 1141 3358 subie-

126 3379 227 3456 cerat,
251 3376 320 3440 init.
365 3374 462 3440 Utres
486 3376 762 3459 quamplurimos
787 3379 972 3442 stramentis
996 3378 1140 3448 refertos

75 3484 106 3532 18
127 3463 251 3528 dividit.
296 3462 357 3527 His
384 3465 575 3529 incubantes
605 3470 814 3528 transnavere
842 3487 982 3548 amnem,
1015 3468 1141 3553 quique

106 3553 218 3632 prrinr'
244 3553 459 3634 transierant,
487 3554 523 3618 in
551 3552 691 3618 statione
719 3556 826 3629 erant,
857 3553 933 3617 dum
960 3556 1143 3626 traicerent
