2422 3892
118 128 183 192 246
494 127 526 194 Q.
546 126 656 182 CURTI
674 126 760 182 RUFI

118 272 153 336 id
179 273 285 338 facere
316 272 585 337 tumultuantium
613 271 844 337 vociferatione
872 269 1135 354 prohiberentur.

69 373 101 422 ιο
118 361 187 444 Ille,
206 362 291 427 sicut
308 361 447 426 nudatus
466 365 545 445 erat,
563 361 710 444 pervenit
728 361 768 425 ad
786 359 926 424 Graecos
946 365 979 424 et
997 362 1133 424 misera-

118 450 196 515 bilis
233 451 332 515 facies
364 450 525 534 supplicio
558 449 712 514 destinati
745 450 779 514 iu
812 449 973 513 diversum
1004 451 1134 513 animos

69 550 100 598 11
120 542 253 623 repente
276 539 413 603 mutavit
436 538 621 622 dimittique
644 560 718 602 eum
739 537 908 603 iusserant
944 537 1016 602 Hoc
1034 538 1132 602 modo

120 649 223 710 poena
250 627 301 691 bis
323 626 480 691 liberatus
509 648 581 691 cum
604 627 735 710 ceteris,
762 627 818 711 qui
844 626 987 690 colonias
1011 647 1031 689 a
1053 646 1132 709 rege

121 717 295 780 attributas
313 715 524 798 reliquerunt,
546 715 681 780 revertit
698 716 733 779 in
751 715 900 798 patriam.
939 713 1029 779 Haec
1047 715 1134 779 circa

120 802 239 867 Bactra
261 807 295 867 et
317 801 510 886 Scytharum
533 803 690 868 terminos
714 807 815 888 gesta.

69 903 101 952 12
208 891 344 955 Interim
370 911 482 975 regem
505 892 641 956 duarum
663 893 823 976 gentium,
853 890 1030 975 dequibus
1055 894 1132 955 ante
1142 890 1185 955 28

121 979 242 1043 dictum
261 983 320 1061 est,
342 980 484 1063 elegati
503 981 631 1045 adeunt.
672 979 790 1045 Omnes
809 1002 904 1045 curru
922 979 1132 1062 vehebantur,

121 1067 239 1132 eximia
256 1068 478 1152 magnitudine
506 1089 691 1152 corporum,
721 1070 835 1134 decoro
863 1069 993 1132 habitu:
1026 1069 1132 1131 lineae

69 1167 102 1216 1³
121 1160 227 1222 vestes
250 1156 376 1222 intexto
401 1179 480 1222 auro
503 1179 707 1242 purpuraque
731 1157 919 1223 destinatae.
957 1155 999 1221 Ei
1022 1178 1056 1221 se
1080 1157 1132 1221 de·

121 1245 195 1310 dere
218 1246 321 1331 ipsos,
344 1246 440 1311 urbes
464 1266 622 1331 agrosque
645 1246 838 1330 referebant,
861 1267 919 1329 per
937 1247 988 1309 tot
1006 1248 1132 1309 aetates

120 1334 311 1399 inviolatam
340 1334 524 1399 libertatem
553 1335 643 1399 illius
670 1335 811 1418 primum
843 1333 918 1398 fidei
950 1333 1132 1416 dicionique

121 1424 347 1505 permissuros:
370 1423 447 1487 deos
466 1422 530 1486 eibi
548 1422 721 1487 deditionis
739 1427 897 1505 auctores,
915 1443 982 1486 non
1000 1426 1132 1504 metum,

69 1521 102 1570 u
122 1510 240 1593 quippe
262 1510 394 1574 intactis
421 1510 545 1575 viribus
568 1511 680 1594 iugum
702 1511 857 1595 excipere.
902 1509 971 1574 Rex
994 1510 1130 1575 consilio

120 1598 234 1663 habito
263 1597 388 1663 deditos
416 1598 450 1662 in
476 1598 572 1663 fidem
597 1599 720 1683 accepit
742 1598 918 1683 stipendio,
943 1598 1028 1682 quod
1051 1597 1131 1662 Ara·

120 1686 239 1752 chosiis
262 1691 398 1770 utraque
421 1688 511 1753 natio
535 1687 734 1772 pensitabat,
761 1687 913 1772 inposito.
959 1686 1132 1751 Praeterea

120 1793 146 1839 11
169 1776 262 1840 milia
284 1780 318 1841 et
339 1794 363 1840 Ι)
388 1777 511 1861 equites
534 1778 673 1862 imperat
696 1781 729 1842 et
751 1775 1089 1843 omniaoboedienter
1111 1797 1132 1838 a

69 1863 268 1929 letabaris
304 1864 401 1930 facta.
450 1864 603 1930 Invitatis
639 1866 752 1930 deinde
788 1866 829 1930 a'd
866 1864 979 1948 epulas
1011 1863 1131 1947 legatis

120 1953 267 2036 gentium
290 1953 476 2036 regulisque
494 1953 643 2017 exornari
661 1953 844 2018 convivium
862 1952 966 2016 iussit
1002 1967 1023 2016 c
1042 1950 1132 2015 aurei

120 2040 197 2104 lecti
223 2039 359 2103 modicis
386 2039 566 2104 intervallis
589 2040 689 2123 positi
712 2043 813 2123 erant,
835 2040 928 2104 lectis
955 2039 1131 2104 circumde-

120 2127 211 2191 derat
235 2126 349 2191 aulaea
372 2147 514 2210 purpura
536 2147 677 2212 auroque
699 2127 868 2213 fulgentia,
896 2127 1050 2212 quidquid
1074 2130 1132 2192 aut

121 2214 205 2299 apud
237 2213 353 2279 Persas
385 2217 495 2279 vetere
526 2215 603 2279 luxu
634 2218 690 2280 aut
719 2216 804 2299 apud
831 2216 1024 2281 Macedonas
1046 2238 1131 2281 nova

121 2304 349 2369 immutatione
367 2307 554 2388 corruptum
573 2308 655 2387 erat,
678 2303 820 2369 confusis
839 2304 1006 2388 utriusque
1023 2304 1130 2388 gentis

69 2403 102 2454 le
121 2393 210 2458 vitiis
233 2393 267 2457 in
290 2393 348 2457 illo
367 2393 515 2458 convivio
535 2392 713 2458 ostendens.
751 2391 911 2456 Intererat
929 2391 1033 2473 epulis
1052 2391 1129 2457 Dio·
1141 2394 1182 2460 29

120 2483 237 2566 xippus
259 2480 487 2566 [Atheniensiq
516 2480 608 2565 pugil
629 2478 750 2545 nobilis
773 2482 807 2544 et
829 2480 870 2544 ob
895 2477 1044 2544 eximiam
1067 2481 1131 2543 vir·

120 2575 223 2636 tutem
250 2569 367 2635 virium
395 2569 494 2635 etiam
521 2568 591 2652 regi
615 2571 770 2652 pernotus
798 2572 831 2632 et
858 2570 978 2652 gratus.
1021 2566 1130 2634 Invidi

120 2658 319 2743 malignique
350 2656 559 2739 increpabant
588 2677 646 2739 per
677 2656 762 2721 seria
788 2660 822 2722 et
848 2655 959 2721 ludum
987 2655 1130 2740 saginati

121 2747 264 2830 corporis
297 2746 388 2829 sequi
418 2744 566 2809 inutilem
598 2745 740 2809 beluam:
776 2767 849 2812 cum
879 2745 945 2830 ipsi
970 2745 1130 2828 proelium

120 2834 252 2917 inirent,
289 2835 360 2898 oleo
391 2832 573 2897 madentem
609 2854 802 2917 praeparare
838 2837 984 2899 ventrem
1016 2833 1130 2918 epulis.

69 2933 102 2982 17
122 2921 245 2985 Eadem
268 2920 370 3004 igitur
392 2922 427 2985 in
448 2920 593 2987 convivio
612 2920 771 2986 Horratas
789 2921 924 2988 Macedo
944 2921 1010 2986 iam
1027 2927 1129 2986 temu-

120 3011 227 3074 lentus
260 3010 453 3092 exprobrare
481 3010 511 3074 ei
538 3011 645 3094 coepit
676 3014 709 3075 et
735 3012 916 3095 postulare,
946 3015 995 3094 ut,
1025 3011 1052 3076 ei
1079 3010 1130 3073 vir

121 3101 219 3183 esset,
242 3102 373 3183 postero
395 3097 446 3163 die
465 3120 571 3164 secum
593 3099 679 3164 ferro
704 3099 902 3165 decerneret:
928 3119 1038 3182 regem
1060 3101 1130 3161 tan·

121 3188 192 3253 dem
215 3189 267 3253 vel
289 3188 329 3253 de
352 3211 410 3253 sua
428 3187 611 3253 temeritate
630 3189 681 3252 vel
700 3188 739 3252 de
756 3189 844 3252 illius
862 3189 993 3272 ignavia
1011 3185 1129 3251 iudica·

69 3286 102 3336 18
121 3279 239 3341 turum.
275 3276 320 3341 Et
342 3299 362 3342 a
380 3277 543 3362 Dioxippo
564 3277 772 3359 contemptim
791 3276 964 3340 militarem
982 3275 1130 3339 eludente

114 3365 273 3430 ferociam
298 3369 433 3450 accepta
456 3365 601 3431 condicio
621 3369 671 3429 est
694 3386 731 3429 ac
754 3367 883 3447 postero
903 3363 954 3428 die
972 3385 1037 3447 rex,
1058 3385 1131 3429 cum

100 3453 204 3521 etiam
229 3455 344 3523 acrius
363 3459 535 3524 certamen
553 3456 779 3542 exposcerent,
797 3452 875 3534 quia
889 3451 1048 3515 deterrere
1064 3473 1131 3516 non

21 3547 63 3596 19
76 3547 238 3635 poterat,
265 3547 446 3618 destinata
470 3547 598 3636 exequi
619 3564 743 3633 passus
760 3543 823 3606 est.
853 3536 982 3620 'tuaene
994 3536 1049 3595 aia
1062 3535 1150 3596 uinx-
