2422 3892
243 183 497 239 HISTORIARUM
515 182 730 238 ALEXANDRI
747 182 839 251 VIIII,
858 187 882 237 5.
903 190 926 239 6.
1024 181 1089 246 243

79 333 137 393 aut
153 327 285 411 potest?
316 327 366 393 Eo
386 327 591 410 pervenimus
610 325 789 409 auspicium
804 330 901 410 atque
919 325 1090 408 imperium

79 417 182 481 secuti
212 419 319 501 tuum,
349 416 434 480 unde
465 416 529 480 nisi
561 418 594 479 te
624 415 740 479 reduce
772 413 855 478 nulli
886 414 925 479 ad
957 417 1090 498 penates

79 527 155 570 suos
181 505 244 569 iter
270 508 329 569 est.
374 504 495 581 Quodsi
523 502 627 568 adhuc
653 502 692 566 de
719 501 861 567 Persidis
888 523 989 586 regno
1018 523 1090 567 cum
1110 514 1142 564 lo

78 591 186 658 Dareo
210 593 395 677 dimicares,
418 593 480 656 etsi
501 613 596 656 nemo
614 591 726 675 vellet,
748 594 859 656 tamen
877 612 918 655 nc
937 591 1091 655 admirari

79 682 208 765 quidem
230 684 355 765 posset,
377 684 447 745 tam
469 683 637 763 promptae
656 700 727 744 esse
744 682 778 745 te
802 679 842 744 ad
862 701 956 744 omne
980 679 1091 744 discri-

79 792 155 834 men
174 770 338 834 audaciae:
363 792 439 833 nam
458 769 515 832 ubi
533 768 625 852 paria
644 770 720 831 sunt
741 766 921 851 periculum
939 788 977 832 ac
998 789 1090 850 prae·

78 859 195 941 mium,
214 863 247 923 et
265 858 411 923 secundis
430 858 527 921 rebus
541 856 680 939 amplior
696 855 822 920 fructus
836 860 933 921 estet
947 855 1089 921 adversis

80 946 237 1011 solacium
254 947 373 1010 maius:
396 950 454 1009 tuo
472 966 548 1010 vero
568 945 673 1026 capite
695 943 872 1026 ignobilem
894 945 1000 1008 vicum
1019 944 1091 1028 emi,
1110 955 1141 1008 11

81 1036 153 1117 quis
172 1033 256 1098 ferat
273 1056 339 1098 non
358 1039 487 1097 tuorum
506 1033 602 1097 modo
618 1032 772 1114 militum,
795 1032 852 1097 sed
865 1032 965 1097 ullius
984 1033 1090 1116 gentis

80 1121 239 1186 barbarae
263 1123 356 1202 civis,
379 1122 434 1204 qui
452 1127 544 1185 tuam
562 1120 816 1204 magnitudinem
834 1120 947 1185 norit?
970 1121 1092 1185 Horret
1112 1130 1144 1180 12

81 1210 209 1273 enimus
236 1210 470 1292 cogitationem
497 1209 558 1292 rei,
590 1230 686 1292 quam
714 1209 811 1291 paulo
840 1211 916 1272 ante
943 1208 1092 1274 vidimus.

80 1297 200 1380 Eloqui
212 1299 322 1379 timeo,
340 1299 452 1361 invicti
467 1297 612 1381 corporis
627 1297 732 1379 spolia
745 1296 960 1361 inertissimas
977 1318 1092 1361 manus

80 1386 181 1450 fuisse
212 1386 403 1467 infecturas,
439 1387 503 1450 nisi
535 1390 567 1450 te
599 1386 814 1468 interceptum
846 1384 1028 1449 misericors
1058 1385 1093 1448 in

80 1495 140 1538 nos
168 1474 299 1539 fortuna
329 1478 497 1539 seruasset.
546 1472 696 1538 Totidem
728 1472 924 1557 proditores,
955 1473 1091 1538 totidem
1112 1485 1144 1533 13

81 1562 262 1627 desertores
300 1566 424 1642 sumus,
461 1565 540 1646 quot
571 1567 604 1627 te
635 1564 701 1626 non
736 1557 901 1645 potuimus
932 1563 1092 1646 persequi.
1132 1582 1135 1593 ·

80 1649 258 1715 Universos
286 1650 363 1714 licet
390 1651 512 1713 milites
540 1649 721 1732 ignominia
747 1654 856 1733 notes,
882 1670 977 1714 nemo
1004 1671 1093 1713 recu-

82 1738 168 1802 sabit
198 1738 288 1801 luere
321 1738 367 1814 id,
405 1738 490 1820 quod
520 1759 560 1800 ne
596 1737 795 1820 admitteret,
832 1740 996 1820 praestare
1027 1758 1094 1801 non

81 1825 196 1909 potuit.
232 1825 347 1888 Patere
370 1847 444 1905 nos,
468 1846 602 1907 quaeso,
625 1825 690 1888 alio
709 1824 804 1888 modo
826 1845 896 1888 esse
918 1825 999 1888 viles
1022 1824 1094 1889 tibi.

83 1913 290 1996 Quocumque
327 1914 473 1995 iusseris,
515 1911 641 1975 ibimus.
700 1909 845 1975 Obscura
880 1912 1023 1994 pericula
1059 1916 1146 1977 et14

81 2002 243 2085 ignobiles
262 2021 389 2083 pugnas
409 2000 503 2064 nobis
522 1999 736 2082 deposcimus:
757 2002 857 2063 temet
874 2000 981 2083 ipsum
1000 2001 1040 2065 ad
1054 2022 1093 2066 ea

82 2090 197 2170 servas
212 2112 294 2172 quae
318 2089 574 2173 magnitudinem
597 2092 687 2151 tuam
710 2087 851 2171 capiunt.
891 2085 965 2154 Cito
988 2089 1094 2172 gloria

82 2178 258 2242 obsolescit
276 2179 310 2241 in
330 2177 468 2241 sordidis
487 2176 638 2241 hostibus
656 2197 715 2240 nec
737 2177 909 2260 quicquam
927 2177 1092 2260 indignius

82 2270 132 2330 est
146 2288 243 2349 quam
262 2266 407 2329 consumi
423 2288 504 2346 eam,
522 2265 576 2329 ubi
591 2287 655 2329 non
669 2265 776 2348 possit
789 2263 936 2328 ostendi?
968 2265 1092 2329 Eadem
1113 2276 1146 2326 15

83 2354 150 2418 fere
165 2354 367 2418 Ptolemaeus
387 2358 420 2418 et
443 2353 563 2417 similia
585 2352 636 2416 his
655 2353 762 2417 ceteri.
798 2350 931 2435 Iamque
950 2353 1093 2417 confusis

81 2443 215 2508 vocibus
239 2445 362 2507 dentes
394 2464 467 2506 eum
500 2440 653 2523 orabant,
683 2443 720 2504 ut
750 2441 883 2504 tandem
914 2441 1092 2504 exsatiatus

83 2532 170 2594 laudi
198 2532 328 2595 modum
356 2531 478 2595 faceret
505 2550 542 2593 ac
565 2527 664 2592 saluti
687 2548 778 2610 suae,
806 2527 839 2591 id
863 2530 914 2591 est
935 2529 1093 2612 publicae,

29 2617 73 2683 25
83 2624 236 2696 parceret
280 2619 382 2681 Grata
410 2622 480 2681 erat
507 2617 578 2698 regi
607 2615 714 2698 pietas
742 2615 929 2680 amicorum.
977 2614 1091 2699 ltaque
1112 2629 1145 2678 16

82 2706 230 2789 singulos
254 2705 447 2768 familiarius
466 2703 632 2787 amplexus
652 2703 815 2768 considere
836 2703 935 2769 iubet.
971 2703 1145 2768 Altius-1⁷

83 2815 143 2876 que
163 2815 310 2857 sermone
329 2793 483 2876 repetito,
506 2791 621 2857 ‘Vobis
640 2791 790 2874 quidem’,
813 2791 932 2876 inquit,
956 2790 986 2856 ‘o
1005 2791 1093 2857 fidis·

83 2881 156 2944 simi
180 2882 382 2964 piissimique
405 2882 521 2944 civium
549 2884 646 2962 atquc
673 2881 861 2964 amicorum,
890 2883 1001 2965 grates
1031 2903 1092 2966 ago

83 2969 251 3052 habeoque
279 2991 343 3033 non
367 2969 471 3032 solum
497 2968 700 3053 eonomine,
728 2969 813 3051 quod
835 2968 931 3033 hodie
955 2971 1092 3034 salutem

81 3080 187 3122 meam
206 3061 334 3122 vestrae
357 3057 572 3140 praeponitis,
595 3056 652 3120 sed
670 3057 755 3141 quod
774 3079 793 3122 a
810 3058 995 3141 primordiis
1014 3057 1093 3123 belli

81 3148 207 3210 nullum
232 3167 310 3230 erga
333 3168 385 3210 me
408 3146 645 3209 benivolentiae
670 3146 789 3229 pignus
812 3150 908 3228 atque
936 3145 1092 3209 indicium

82 3236 253 3317 omisistis,
289 3234 369 3298 adeo
402 3239 440 3299 ut
471 3233 687 3297 confitendum
725 3234 768 3297 sit
803 3255 977 3317 numquam
1010 3233 1093 3298 mihi

81 3322 181 3385 vitam
205 3345 312 3386 meam
336 3324 435 3386 fuisse
458 3327 527 3386 tam
551 3344 671 3404 caram,
699 3343 794 3405 quam
819 3343 888 3385 esse
911 3322 1030 3406 coepit,
1054 3326 1092 3387 ut

80 3411 172 3474 vobis
196 3411 251 3474 diu
274 3412 338 3475 frui
361 3412 493 3495 possim.
534 3409 685 3474 Ceterum
708 3431 778 3474 nou
798 3410 917 3474 eadem
935 3414 991 3471 est
1010 3411 1102 3484 esda·
1115 3420 1160 3494 >Q

76 3501 158 3561 tatio
186 3522 310 3582 eorum,
340 3503 396 3586 qui
424 3524 487 3590 pro
515 3523 569 3568 me
597 3501 687 3567 mori
716 3503 859 3584 optant„
885 3500 925 3558 et
946 3512 1051 3563 meas
1074 3502 1136 3574 <pua

61 3586 192 3662 quidem
221 3588 310 3656 lianc
341 3593 615 3662 beniuolentiam
647 3595 810 3660 uestram
828 3584 966 3652 uirtute
981 3574 1166 3705 'marasse

941 3685 983 3731 ue
