2422 3892
402 736 451 843 u.
481 720 672 820 ιιιιιιιι
698 734 848 820 eurr

385 933 389 940 .
493 889 747 945 HISTORIARUM

192 981 1059 1136 annxnunaruncur
1182 1142 1206 1160 „

154 1215 157 1220 ·
457 1201 783 1269 nicanorus
887 1294 894 1306 ι

537 1377 648 1439 LIBER
664 1377 711 1433 IV.
763 1391 766 1397 ·

559 1518 637 1585 Gir.
659 1520 685 1587 L

85 1692 103 1768 Ῑ
207 1712 341 1799 Dareus,
360 1714 445 1779 tanti
462 1715 557 1780 modo
572 1715 728 1780 exercitus
741 1736 806 1800 rex,
828 1715 884 1800 qui
896 1714 1127 1798 triumphantis
1147 1723 1158 1775 ι

119 1803 225 1888 magis
252 1825 348 1888 quam
379 1804 560 1869 dimicantis
591 1825 680 1869 more
712 1826 806 1868 curru
838 1804 984 1868 sublimis
1010 1804 1128 1868 inierat

108 1892 290 1976 proelium,
321 1913 378 1976 per
404 1893 488 1994 loca,
507 1913 600 2044 ‘quae
627 1913 728 1976 prope
754 1893 921 1956 immensis
944 1892 1127 1977 agminibus

121 1981 311 2063 inpleverat,
339 1980 405 2045 iam
427 1980 592 2044 inaniaet
613 1981 740 2065 ingenti
762 1980 933 2045 solitudine
955 1984 1057 2065 vasta
1078 1981 1127 2046 fu-

117 2069 236 2154 giebat.
284 2067 381 2133 Pauci
411 2084 521 2154 regem
552 2070 781 2154 sequebantur.
817 2091 894 2133 nam
925 2090 986 2134 nec
1015 2069 1162 2135 cedema

118 2179 230 2222 omnes
251 2152 375 2242 fugam
380 2156 588 2222 intenderant
603 2162 638 2222 et
655 2157 876 2224 deficientibus
894 2158 984 2242 equis
999 2180 1128 2222 cursum

117 2245 755 2418 §toffl’elllattstlldttlblff
758 2266 1020 2434 illudit}
1040 2249 1162 2397 Plutia

118 2421 312 2488 Graecorum
335 2424 509 2507 quattuor
509 2422 609 2486 milia:
631 2443 699 2486 non
722 2423 852 2505 segnius
874 2424 984 2484 tamen
1006 2421 1047 2483 ad
1063 2420 1128 2483 Eu·

116 2510 255 2594 phraten
277 2510 452 2594 contendit,
472 2509 506 2573 id
528 2510 656 2573 demum
675 2509 806 2574 credens
823 2508 919 2571 fore
909 2508 1020 2590 ipsius,
1044 2507 1138 2591 quod

118 2599 281 2663 celeritate
303 2598 485 2681 praecipere
506 2597 674 2680 potuisset.

208 2683 255 2748 At
276 2685 458 2761 Alexander
477 2684 738 2768 Parmenionem,
760 2704 817 2768 per
839 2705 934 2768 quem
957 2683 1041 2768 apud
1063 2681 1127 2749 Da·
1146 2699 1163 2747 4

102 2771 263 2839 'maecum
293 2775 423 2857 recepta
454 2776 522 2836 erat
551 2772 681 2856 praeda,
712 2772 833 2837 iussum
867 2794 938 2836 eam
965 2773 1070 2856 ipsam
1096 2776 1129 2837 et
1197 2800 1200 2805 ·

118 2863 264 2946 captivos
288 2861 446 2946 'diligenti
477 2860 644 2925 adservare
675 2859 832 2946 custodia,
869 2858 994 2946 Syriae,
1031 2883 1128 2945 quam

119 2950 239 3017 Coelen
260 2954 388 3033 vocant,
409 2949 572 3033 praefecit.
613 2947 745 3019 ,Novum
767 2950 939 3034 imperium
952 2948 1025 3033 Syri
1047 2963 1163 3013 non-o

119 3040 194 3104 dum
217 3040 294 3104 belli
316 3038 459 3103 cladibus
480 3039 559 3102 satis
578 3037 691 3103 domiti
708 3039 976 3122 aspernabantur:
1000 3036 1055 3101 sed
1079 3058 1128 3101 oe·

118 3129 228 3194 leriter
249 3128 375 3193 subacti
397 3127 567 3191 oboedient
552 3130 602 3191 ter
622 3128 760 3212 imperat
761 3151 781 3191 ι
746 3127 956 3191 tfecerunt.
1000 3124 1127 3189 Aradus

120 3238 245 3301 quoque
271 3216 378 3281 insula
405 3215 530 3280 deditur
551 3216 629 3300 regi.
672 3215 868 3280 Maritimam
890 3218 959 3277 tum
978 3234 1073 3279 oram
1096 3216 1163 3276 ete

118 3304 271 3391 pleraque
297 3303 425 3388 longius
449 3304 546 3368 etiam
569 3325 588 3366 ι
610 3305 692 3398 mari
712 3303 894 3368 recedentia
911 3323 966 3366 rex
989 3302 1057 3365 eius
1079 3301 1127 3364 in-

120 3393 208 3458 sulae
231 3391 339 3457 Strato
366 3392 562 3475 possidebat:
592 3387 655 3474 quo
682 3392 717 3455 in
743 3391 841 3455 fidem
867 3393 999 3472 accepto
1022 3393 1137 3451 eastra

83 3481 221 3546 2movit
247 3481 286 3545 ad
313 3481 423 3545 urbem
446 3479 555 3545 Maret
554 3479 633 3546 hon,
674 3478 733 3547 lbi
757 3480 815 3546 illi
830 3479 975 3544 litterae
999 3472 1161 3538 amarae
1174 3483 1200 3525 ἰ
