2422 3892
116 129 179 194 158
489 126 521 192 o.
541 124 753 181 0111111111

114 275 171 339 1111
193 272 335 337 discussa
358 271 479 353 aperire
501 269 637 333 humum
659 268 775 351 coepit,
798 267 886 332 caelo
908 267 1048 352 solique
1067 268 1138 335 rad·

64 376 96 423 11
115 364 242 426 duntur.
274 357 423 425 Ceterum
442 357 522 422 adeo
541 356 627 421 altae
644 356 734 420 nives
748 358 900 438 premunt
912 358 1046 420 terram
1060 356 1138 441 gelu

116 455 149 515 et
171 451 326 532 perpetuo
344 467 445 529 paene
463 446 570 530 rigore
589 445 791 526 constrictae,
813 446 851 508 ut
869 464 910 507 ne
928 443 1049 509 avium
1070 446 1138 529 qui·

115 538 189 601 dem
218 536 345 599 feraeve
377 533 475 597 ullius
509 533 684 618 vestigium
716 534 810 596 extet.
864 528 1018 596 Obscura
1051 533 1138 599 caeli

117 625 222 691 verius
250 622 365 687 umbra
393 642 489 705 quam
515 620 572 685 lux
598 620 686 685 nocti
713 620 828 684 similis
850 619 972 701 premit
995 624 1138 706 terram,

65 713 169 777 11111
186 714 235 795 ut,
259 730 340 793 quae
359 730 459 792 prope
477 713 562 792 sunt,
580 708 722 790 conspici
741 707 877 790 possint
917 706 956 771 In
975 707 1044 774 hac
1063 708 1175 774 tumlt

116 799 221 864 omnis
252 796 385 860 humani
418 797 524 861 cultus
556 795 728 861 solitudine
756 795 928 860 destitutus
955 797 1138 882 exercitus,

117 885 269 971 quidquid
297 885 456 949 malorum
481 885 614 949 tolerari
641 886 761 967 potest,
792 882 940 966 pertulit,
969 883 1146 969 inopiam,

65 993 97 1040 13
116 974 232 1057 frigus,
245 972 478 1056 lassitudinem,
491 972 754 1055 desperationem.
791 969 913 1036 Multos
927 972 1139 1039 exanimavit

116 1062 206 1147 rigor
228 1060 377 1126 insolitus
405 1062 503 1125 nivis:
531 1061 707 1125 multorum
734 1059 859 1125 adussit
884 1058 997 1142 pedes,
1028 1061 1137 1143 pluri·

116 1171 244 1214 rnorum
266 1149 386 1215 oculos.
431 1148 607 1231 Praecipue
633 1146 853 1231 perniciabilis
875 1147 939 1212 fuit
960 1146 1136 1233 fatigatis:

117 1238 236 1323 quippe
272 1238 307 1303 in
336 1238 409 1321 ipso
441 1237 517 1321 gelu
548 1236 729 1300 deficientia
760 1256 896 1318 corpora
926 1237 1137 1322 sternebant,

117 1348 198 1410 quae
221 1347 295 1390 cum
318 1325 440 1390 moveri
458 1325 628 1405 desissent,
650 1324 699 1388 ris
721 1323 852 1408 frigoris
875 1323 923 1388 ita
945 1322 1136 1410 adstringe·

66 1415 188 1494 14111,
215 1416 253 1477 ut
279 1433 390 1475 rursus
413 1411 454 1475 ad
478 1410 673 1495 surgendum
696 1411 796 1474 coniti
819 1432 886 1475 non
906 1414 1054 1493 possent.
1105 1412 1136 1477 A

117 1499 391 1564 commilitonibus
426 1502 591 1581 torpentes
632 1497 855 1563 excitabantur
894 1519 998 1582 neque
1042 1501 1136 1566 aliud

67 1604 98 1653 15
116 1586 294 1652 remedium
327 1589 410 1670 erat,
441 1607 538 1670 quam
569 1589 607 1650 ut
636 1586 764 1670 ingredi
791 1590 991 1671 cogerentur.
1044 1586 1136 1653 Tum

118 1677 245 1741 demum
275 1673 368 1776 vitali
387 1675 505 1778 ‘calore
519 1678 626 1776 ‘moto
662 1674 815 1742 membris
848 1674 967 1776 aliquis
997 1675 1137 1743 redibat

117 1760 400 1917 liidrltersrlefdcll
418 1762 1136 1934 tsiriitnaS‹idrieariibiuddligibberadiorilieaenildi³

66 1959 98 2006 rs
117 1940 192 2004 ficia
214 1939 306 2003 nulla
329 1939 394 2002 alia
415 1960 468 2002 res
491 1959 587 2022 quam
604 1937 712 2002 fumus
731 1938 923 2003 ostenderet
962 1937 1019 2003 Illi
1038 1961 1137 2005 num·

119 2047 216 2109 quam
246 2030 321 2089 ante
349 2027 384 2089 11
413 2025 508 2089 terris
537 2026 603 2089 ruis
632 2025 755 2089 advena
781 2026 850 2090 viso
881 2047 953 2091 cum
983 2031 1135 2094 armatos

117 2115 249 2196 repente
287 2113 521 2197 conspicerent,
558 2113 733 2177 exanimati
764 2117 865 2197 metu,
903 2113 1061 2199 quidquid
1097 2116 1137 2181 in

118 2199 257 2283 tuguriis
281 2202 362 2277 erat,
390 2199 591 2284 adferebant,
618 2204 655 2265 ut
676 2202 864 2283 corporibus
887 2202 1033 2284 ipsorum
1056 2225 1137 2287 par·

68 2308 99 2356 17
119 2291 244 2354 caretur
262 2291 401 2353 orantes.
436 2288 505 2353 Rex
523 2309 639 2373 agmen
654 2289 845 2354 circumibat
860 2290 966 2373 pedes,
984 2290 1137 2359 iacentes

120 2378 276 2463 quosdam
299 2377 424 2462 erigens
448 2379 482 2441 ct
504 2377 595 2460 alios,
618 2399 690 2442 cum
713 2397 807 2461 aegre
831 2379 1053 2461 sequerentur,
1077 2381 1137 2446 ad·

120 2465 273 2530 miniculo
292 2465 436 2548 corporis
455 2465 506 2530 sui
524 2465 693 2548 excipiens.
733 2463 827 2530 Nunc
846 2465 887 2530 ad
904 2466 1010 2548 prima
1024 2467 1137 2553 signa,

118 2576 204 2619 nunc
221 2554 256 2618 in
278 2553 393 2640 medio,
414 2574 499 2618 nunc
521 2553 556 2617 11
579 2553 692 2617 ultimo
716 2553 845 2637 agmine
868 2553 995 2618 itineris
1018 2556 1137 2622 multi·

68 2643 238 2724 replicato
267 2643 379 2706 labore
407 2642 527 2706 aderat.
571 2640 715 2705 Tandem
741 2641 782 2704 ad
806 2642 877 2705 loca
899 2641 1038 2706 cultiora
1061 2665 1137 2727 per-

119 2734 251 2794 ventum
279 2733 329 2794 est
360 2733 604 2812 commeatuque
636 2729 728 2812 largo
760 2732 923 2793 recreatus
956 2731 1137 2798 exercitus:

121 2816 217 2879 simul
245 2819 290 2896 et,
318 2816 374 2899 qui
400 2817 552 2900 consequi
578 2838 645 2880 non
669 2820 855 2900 potuerant,
884 2817 919 2881 in
941 2817 999 2880 illa
1022 2823 1138 2885 castra

120 2907 287 2968 venerunt.

69 3010 101 3058 19
209 2989 287 3054 Inde
306 3010 422 3074 agmen
440 2991 599 3074 processit
618 2992 658 3056 ad
673 2989 852 3057 Caucasum
868 2995 1020 3075 montem,
1038 2976 1176 3062 11111111

120 3078 251 3144 dorsum
270 3079 384 3143 Asiam
402 3082 557 3163 perpetuo
575 3081 652 3165 iugo
672 3080 797 3144 dividit:
820 3080 895 3145 hinc
915 3081 1011 3145 simul
1029 3103 1136 3169 mare,

121 3167 207 3250 quod
230 3165 378 3232 Ciliciam
405 3168 494 3232 subit
518 3172 548 3234 ct
568 3168 709 3234 Rubrum
735 3188 834 3248 mure,
861 3169 951 3234 illinc
974 3165 1136 3252 Caspium

120 3254 237 3319 fretum
269 3259 302 3321 et
334 3278 462 3321 amnem
494 3256 624 3322 Araxen
655 3256 785 3339 aliaque
816 3257 948 3341 regione
975 3253 1135 3340 Scythiae

69 3362 102 3410 20
122 3343 249 3408 deserta
267 3348 400 3428 spectat.
441 3345 577 3430 Taurus,
599 3344 756 3409 secundae
775 3344 1007 3429 magnitudinis
1026 3367 1135 3430 mons,

121 3430 334 3497 committitur
358 3430 517 3498 Caucaso:
545 3456 565 3499 a
587 3430 793 3515 Cappadocia
816 3454 850 3497 sc
874 3434 1028 3497 attollens
1052 3429 1136 3500 Cili-

67 3540 99 3586 11
121 3519 204 3584 ciam
233 3521 391 3605 praeterit
419 3522 655 3605 Armeniaeque
685 3521 850 3585 montibus
878 3522 1032 3604 iungitur.
1079 3520 1136 3588 Sic
