2422 3892
151 140 213 199 144
517 134 550 200 Q
569 133 680 189 culm
696 131 785 188 RUFI

575 337 654 404 Gar.
675 335 731 403 xl

114 477 127 526 1
235 455 318 521 Erat
344 455 429 519 inter
455 452 551 517 duces
579 474 678 517 manu
703 457 854 516 strenuus
880 451 985 517 Bolon
1013 454 1207 539 quidam]

147 545 237 630 pacis
264 543 382 608 artium
410 545 443 606 et
465 541 570 606 civilia
592 541 723 606 habitus
744 541 848 623 rudis,
868 546 961 605 vetus
983 543 1098 626 miles,
1123 545 1170 609 ab

147 633 262 698 humili
283 631 394 697 ordine
416 629 548 694 adeum
567 629 716 712 gradum,
738 630 774 693 in
796 650 860 714 quo
882 634 961 694 tunc
979 635 1065 713 erat,
1088 654 1171 715 pro

112 740 128 788 a
148 726 268 786 motus:
292 719 347 803 qui
365 717 546 782 uentibus
564 718 680 781 ceteris
698 717 820 782 stolida
838 717 973 782 audacia
990 717 1085 783 ferox
1108 721 1169 786 ad·

147 828 278 874 monere
300 828 356 871 cos
379 806 499 889 coepit,
527 806 677 889 quotiens
704 807 772 869 suia
795 807 932 890 quisque
954 805 1169 893 deversoriis,

147 917 228 979 quae
256 897 479 977 occupassent,
511 894 721 977 proturbatus
749 897 847 977 esset,
879 897 917 958 ut
942 901 1169 978 purgamenta

148 1004 312 1048 servorum
329 980 479 1048 Philotae
501 982 721 1065 reciperentur
738 1003 791 1064 eo,
812 980 896 1046 unde
919 983 1167 1050 commilitones

112 1071 353 1155 aexpulissent
405 1072 494 1135 Auro
526 1072 725 1154 argentoque
756 1069 906 1134 vehicula
937 1071 1005 1134 eius
1038 1078 1168 1139 onusta

147 1161 226 1225 totis
244 1160 323 1224 vicis
347 1162 476 1224 stetisse
495 1180 533 1223 ac
552 1180 592 1222 ne
611 1159 646 1222 in
663 1159 816 1222 viciniam
834 1156 962 1241 quidem
980 1157 1166 1235 deversorii

148 1270 342 1333 quemquam
356 1247 615 1313 commilitonum
632 1250 798 1329 receptum
814 1267 893 1328 esse,
907 1245 964 1310 sed
976 1267 1036 1329 per
1049 1247 1166 1332 dispo

148 1338 238 1419 sitos,
261 1358 340 1421 quoa
360 1357 458 1417 supra
476 1356 624 1398 somnum
641 1334 794 1417 habebat,
815 1355 926 1400 omnes
944 1335 1058 1417 procul
1076 1337 1165 1402 rele-

148 1428 255 1507 gatos,
279 1444 320 1486 ne
342 1423 464 1486 femina
485 1421 544 1485 illa
566 1423 836 1486 murmurantium
858 1423 944 1487 inter
966 1443 1000 1486 se
1023 1423 1165 1491 silentio

112 1511 254 1578 everius
292 1531 389 1593 quam
425 1529 505 1573 sono
540 1509 740 1574 excitaretur.
798 1509 954 1575 Ludibrio
990 1511 1021 1574 ei
1056 1511 1165 1579 fuisse

148 1598 287 1663 rusticos
319 1596 467 1662 homines
493 1595 706 1680 Phrygasque
733 1603 766 1661 et
791 1596 1018 1683 Paphlagonas
1045 1603 1165 1683 appel·

148 1687 248 1770 latos,
281 1685 336 1770 qui
362 1706 428 1750 non
458 1685 671 1770 erubesceret,
702 1684 836 1751 Macedo
867 1691 978 1764 natus,
1008 1687 1164 1766 homines

114 1775 281 1859 blinguae
302 1795 378 1839 suae
400 1795 459 1857 per
480 1774 690 1857 interpretem
713 1775 832 1838 audire.
867 1773 963 1840 Nunc
984 1796 1040 1839 cur
1058 1775 1164 1842 Ham-

147 1885 277 1929 monem
301 1862 424 1927 oonsuli
446 1861 565 1926 vellet?
590 1862 724 1926 eundem
747 1863 834 1928 Iovis
858 1864 1003 1946 arguisse
1028 1865 1163 1930 menda·

149 1952 232 2015 cium
247 1950 468 2034 Alexandrum
487 1951 589 2014 filium
608 1951 849 2034 adgnoscentis,
868 1952 992 2016 scilicet
1008 1953 1162 2038 veritum,

113 2057 189 2105 one
212 2037 407 2102 invidiosum
431 2040 530 2120 esset,
553 2038 637 2118 quod
660 2037 706 2101 dii
726 2038 886 2103 offerrent.
922 2037 1003 2104 (lum
1025 2040 1162 2106 insidia·

147 2127 236 2188 retur
255 2124 355 2206 capiti
373 2124 459 2208 regis
479 2127 512 2187 et
529 2124 634 2207 amici,
651 2147 718 2189 non
731 2127 929 2192 consuluisse
947 2148 1019 2192 eum
1032 2127 1161 2194 Iovem:

147 2233 231 2277 nunc
251 2211 292 2276 ad
311 2213 475 2277 oraculum
493 2212 632 2296 mittere,
655 2213 731 2277 dum
749 2218 843 2298 pater
863 2216 932 2280 eius
954 2216 1161 2303 sollicitetur,

148 2301 204 2386 qui
235 2301 358 2384 praesit
386 2301 421 2365 in
448 2299 568 2384 Media,
600 2304 633 2365 et
658 2303 807 2386 pecunia,
839 2303 929 2368 cuius
956 2303 1103 2368 custodia
1130 2309 1162 2372 ei

149 2389 322 2455 commissa
344 2389 401 2474 sit,
422 2389 566 2471 perditos
589 2387 736 2454 homines
760 2391 802 2455 ad
821 2391 1008 2456 societatem
1027 2393 1160 2458 sceleris

114 2479 292 2562 ainpellat.
332 2477 425 2562 Ipsos
444 2477 599 2541 missuros
619 2476 660 2541 ad
683 2479 862 2563 oraculum,
884 2501 950 2545 non
972 2480 1028 2564 qui
1045 2477 1160 2547 Iovem

147 2568 361 2668 interrogent,
382 2565 467 2650 quod
486 2586 524 2631 ex
542 2584 619 2667 rege
638 2567 862 2668 cognoverint,
880 2567 940 2669 'sed
959 2569 1014 2652 qui
1032 2570 1160 2669 gratias

113 2654 1056 2809 2:tltqultettttlltttstttttt
1077 2679 1161 2810 tt

149 2830 291 2911 corporis
311 2829 496 2895 custodibus
516 2830 645 2894 initium
663 2830 785 2896 factum
801 2832 1024 2916 clamantibus,
1042 2832 1160 2897 discer-

147 2916 287 2998 pendum
312 2937 381 2980 esse
404 2917 596 2999 parricidam
620 2919 769 2983 manibus
788 2940 899 2984 eorum
914 2921 1004 2984 -id
1028 2920 1160 3005 quidam

147 3003 307 3088 Philotas,
336 3003 392 3087 qui
414 3005 565 3087 graviora
590 3007 750 3089 supplicia
772 3011 943 3091 metueret,
970 3008 1058 3074 haud
1081 3030 1160 3073 sane

113 3112 128 3159 9
148 3092 259 3176 iniquo
280 3092 390 3157 animo
406 3092 566 3176 audiebat,
583 3130 620 3139 -
637 3099 673 3160 at
686 3116 742 3159 rex
757 3096 791 3160 in
804 3097 987 3161 contionem
1001 3118 1160 3182 reversus,
1171 3099 1207 3163 45

148 3181 215 3244 sive
238 3181 332 3246 utin
354 3180 501 3246 custodia
523 3201 650 3266 quoque
673 3187 853 3268 torqueret,
877 3185 944 3249 sive
962 3189 1001 3249 ut
1023 3184 1159 3268 diligen-

147 3268 212 3333 tius
240 3273 354 3335 cuncta
383 3274 604 3355 cognosceret,
631 3271 801 3336 concilium
828 3272 863 3337 in
885 3276 1051 3356 posterum
1074 3273 1160 3338 diem

148 3354 277 3422 distulit
309 3360 355 3440 et,
387 3380 583 3442 quamquam
610 3359 644 3424 in
676 3381 844 3442 uesperam
871 3361 1052 3427 inclinabat
1083 3361 1160 3445 dies,

147 3447 256 3509 tamen
289 3445 411 3511 amicos
444 3447 615 3512 convocari
646 3447 746 3513 iubet.
800 3447 845 3512 Et
879 3449 994 3515 ceteris
1031 3450 1161 3534 quidem

98 3551 128 3597 10
147 3533 310 3618 placebat,
342 3532 554 3600 Macedonum
583 3556 671 3599 more
707 3535 801 3600 obrui
831 3537 930 3622 saxis,
959 3536 1160 3622 Hephaestio

174 3810 276 3846 A
