2422 3892
115 158 182 222 ‘224
487 158 519 223 Q.
539 154 650 213 GURTI
666 154 753 211 RUFI

115 299 1137 472 stult?tlt‘lttssttutullltttpllttltt

116 481 176 544 bus
204 440 358 543 menibris
383 477 574 562 omissisque
597 475 695 541 armis
717 408 772 539 iix
794 478 992 559 compotem
1016 479 1136 543 mentia

63 572 99 619 84
117 567 199 631 Tum
226 567 355 631 beluam
383 567 418 629 in
439 564 552 648 fugam
579 564 722 630 concitat
748 567 903 647 sequente
929 562 1136 631 Alexandro:

118 656 173 720 sed
201 676 301 739 equus
329 653 397 717 eius
424 653 536 717 multis
558 652 743 717 vulneribus
767 650 944 716 confossus
974 653 1136 719 deficiens

117 765 178 828 que
204 741 388 826 procubuit,
414 742 523 824 posito
549 741 656 824 magis
682 759 759 824 rege
785 760 884 824 quam
906 739 1032 806 effiiso.
1077 740 1135 807 Ita·

65 836 100 883 δῦ
119 853 191 914 que,
209 829 284 894 dum
304 850 421 913 equum
440 833 555 912 mutat,
572 828 695 893 tardius
713 828 877 893 insecutus
894 831 961 893 est
999 828 1135 895 Interim

118 920 220 982 frater
234 917 367 999 Taxilis,
384 918 473 1002 regis
490 916 654 1001 Indorum,
672 916 869 1000 praemissus
884 915 929 981 ab
944 916 1134 985 Alexandro

117 1026 248 1071 monere
271 1006 378 1089 coepit
399 1004 528 1089 Porum,
550 1026 590 1068 ne
612 1005 728 1069 ultima
751 1003 889 1088 experiri
903 1010 1135 1088 perseveraret

64 1100 99 1147 36
118 1093 310 1178 dederetque
338 1115 372 1158 se
399 1093 524 1159 victori.
568 1092 616 1157 At
636 1092 706 1176 ille,
733 1112 929 1177 quamquam
955 1094 1134 1173 exhaustae

118 1187 210 1248 erant
240 1184 325 1247 vires
358 1181 586 1265 deficiebatque
619 1179 766 1266 sanguis,
799 1183 908 1245 tamen
944 1181 991 1246 ad
1024 1188 1134 1250 notam

118 1292 230 1337 vocem
252 1271 424 1354 excitatus,
447 1267 655 1355 ‘Adgnosco'‚
677 1268 797 1353 inquit,
820 1266 959 1335 ‘Taxilis
987 1270 1134 1356 fratrem,

117 1358 493 1511 lltltfftttltit
510 1355 1135 1531 ttlddld'ln‘lfflmlulllamll

482 1494 492 1528 7
837 1494 847 1527 7

65 1542 98 1590 8⁷
118 1535 206 1598 dium
233 1536 345 1617 pectus
372 1533 556 1615 penetravit
581 1532 623 1596 ad
649 1535 785 1618 tergum.
829 1529 903 1598 Hoc
922 1533 1055 1603 ultimo
1077 1538 1134 1605 vir·

117 1622 199 1686 tutis
222 1642 318 1705 opere
341 1621 427 1686 edito
450 1620 562 1706 fugere
585 1620 689 1685 acrius
712 1619 831 1704 coepit,
853 1619 910 1685 sed
934 1622 1133 1707 elephantus

118 1732 258 1795 quoque,
286 1709 340 1793 qui
363 1710 467 1774 multa
489 1712 658 1793 exceperat
679 1709 759 1792 tela,
788 1706 971 1775 deficiebat
1018 1711 1134 1798 Itaque

65 1800 207 1865 assistit
233 1799 345 1884 lugam
372 1798 575 1882 peditemque
603 1796 748 1881 sequenti
773 1796 863 1861 hosti
889 1797 1024 1865 obiecit
1068 1801 1134 1868 Iam

116 1887 300 1952 Alexander
324 1889 513 1951 consecutus
540 1889 610 1950 erat
639 1888 672 1949 et
698 1884 875 1967 pertinacia
895 1883 978 1951 Pori
1000 1891 1134 1977 cognita

118 1975 251 2039 vetabat
277 1973 502 2038 resistentibus
525 1974 623 2055 parci.
672 1972 761 2056 Ergo
788 1971 928 2056 undique
958 1977 996 2040 et
1022 1977 1064 2043 in
1086 2000 1135 2063 pe·

118 2062 200 2124 dites
236 2063 268 2123 et
298 2061 333 2123 in
359 2061 466 2143 ipsum
498 2060 617 2125 Porum
648 2061 715 2124 tela
747 2064 902 2145 congesta
933 2068 1030 2148 sunt,
1066 2067 1135 2151 quis

65 2168 98 2215 aa
117 2147 247 2212 tandem
269 2151 423 2232 gravatus
441 2148 509 2211 labi
528 2170 567 2212 ex
585 2148 682 2212 belua
699 2149 813 2233 coepit.
846 2146 961 2233 Indus,
990 2153 1053 2236 qui
1078 2154 1136 2221 ele

117 2235 277 2319 phantum
302 2236 449 2320 regebat,
478 2236 669 2300 descendere
697 2257 770 2300 eum
796 2239 886 2301 ratus
915 2258 1010 2304 more
1035 2242 1136 2309 solito

118 2323 326 2409 elephantum
339 2324 547 2408 procumbere
564 2324 660 2389 iussit
677 2323 712 2388 in
730 2343 849 2407 genua:
868 2324 925 2408 qui
941 2330 984 2391 ut
1002 2349 1041 2394 se
1062 2332 1135 2397 sub-

117 2413 220 2496 misit,
252 2414 350 2478 ceteri
378 2433 504 2497 quoque
534 2448 571 2458 -
600 2412 650 2475 ita
676 2412 763 2475 euim
791 2412 934 2477 instituti
962 2421 1067 2483 erant
1095 2455 1137 2467 -

117 2502 272 2566 demisere
305 2522 440 2585 corpora
471 2502 506 2564 in
536 2504 666 2564 terram.
714 2499 764 2564 Ea
795 2520 847 2565 res
878 2502 914 2564 et
938 2499 1071 2571 Porum
1105 2511 1137 2573 et

65 2607 99 2656 40
117 2594 239 2655 ceteros
263 2590 440 2654 victoribus
463 2588 605 2653 tradidit.
649 2586 719 2651 Rex
742 2587 877 2670 spoliari
898 2608 1021 2673 corpus
1045 2592 1171 2680 Pori,5l

116 2679 345 2761 interemptum
373 2699 443 2741 esse
470 2675 614 2758 credens,
645 2675 735 2739 iubet
761 2678 807 2755 et,
835 2675 891 2760 qui
917 2675 1139 2749 detraherent

116 2767 251 2830 loricam
276 2769 478 2848 vestemque,
505 2784 705 2828 concurrere:
736 2784 808 2827 cum
836 2764 931 2828 belua
958 2765 1138 2837 dominum

116 2852 202 2917 tueri
224 2855 257 2915 et
278 2852 454 2935 spoliantes
478 2852 584 2935 coepit
606 2850 757 2934 adpetere
778 2851 986 2936 levatumque
1011 2877 1136 2945 corpus

117 2940 185 3003 eius
212 2960 323 3004 rursus
351 2939 446 3004 dorso
474 2960 531 3003 suo
558 2940 719 3022 inponere.
769 2939 859 3024 Ergo
881 2939 957 3004 telis
985 2944 1136 3032 undique

118 3028 266 3093 obruitur
289 3026 500 3110 confossoque
519 3048 556 3091 eo
577 3027 613 3091 in
630 3026 812 3092 vehiculum
829 3025 931 3093 Porus
949 3027 1137 3114 inponitur.

65 3134 97 3182 41
119 3116 220 3193 Quem
247 3137 304 3179 rex
325 3117 362 3178 ut
383 3114 466 3179 vidit
489 3114 691 3179 adlevantem
718 3114 842 3197 oculos,
868 3137 935 3180 nou
957 3118 1051 3205 odio,
1077 3124 1136 3190 sed

117 3203 325 3268 miseratione
348 3205 542 3286 commotus,
566 3201 679 3287 ‘Quae,
702 3201 843 3286 malum',
866 3203 986 3287 inquit,
1006 3205 1136 3277 ‘amen-

117 3292 167 3356 tia
192 3294 226 3355 te
253 3292 361 3376 coegit
387 3313 493 3355 rerum
517 3312 661 3355 mearum
685 3291 814 3375 cognita
836 3290 924 3356 fama
952 3292 1037 3360 belli
1065 3298 1135 3366 for·

118 3384 230 3443 tunam
253 3379 405 3463 experiri,
428 3401 499 3443 cum
523 3378 644 3443 Taxilis
668 3382 753 3442 esset
779 3378 815 3442 in
837 3377 963 3445 deditos
985 3381 1136 3453 clemen-

64 3488 98 3536 42
117 3468 182 3532 tiae
205 3488 295 3531 meae
318 3470 386 3530 tam
409 3467 624 3551 propinquum
646 3465 709 3529 tibi
732 3464 950 3549 exemplum?’
994 3468 1046 3536 At,-
1063 3472 1136 3558 1119,

113 3553 314 3644 Uvontam',
342 3555 464 3644 inquit,
491 3552 728 3640 ‘perconteris
749 3553 953 3632 respondens
974 3558 1139 3623 Μὴ,

175 3710 238 3830 Λ
