2422 3892
316 155 571 212 HISTORIARUM
589 155 802 210 ALEXANDRI
819 157 867 226 VI,
885 162 910 210 6.
931 163 954 213 ’1.
1077 156 1139 221 131

131 301 263 366 barbari
281 301 403 383 territi,
422 301 553 364 emuris
573 300 706 383 supinas
724 321 838 364 manus
852 300 1035 384 tendentes,
1049 323 1141 366 orare

131 392 318 473 coeperunt,
341 389 424 453 iram
442 388 476 453 in
495 385 738 471 Satibarzanen,
762 387 950 453 defectionis
969 393 1142 474 auctorem,

131 480 326 562 reservaret,
345 477 543 561 supplicibus
558 480 662 541 semet
674 476 865 541 dedentibus
885 480 1040 561 parceret.
1072 476 1142 542 Rex

132 565 209 631 data
236 565 330 631 venia
357 586 425 630 non
452 564 653 629 obsidionem
680 564 776 629 modo
805 565 917 648 solvit,
949 565 1005 630 sed
1033 567 1142 631 omnia

133 675 192 718 sua
214 654 329 718 incolis
353 652 499 717 reddidit.

220 741 272 806 Ab
289 742 351 806 hac
364 742 443 807 urbe
458 742 603 824 digresso
619 741 879 824 supplementum
890 765 1046 808 novorum
1061 742 1142 807 mili·
1160 760 1194 808 eo

131 834 202 895 turn
226 831 373 895 occurrit.
410 828 517 895 Zoilus
536 847 561 892 D
585 829 708 914 equites
732 851 771 894 ex
794 829 929 896 Graecia
951 831 1142 896 adduxerat:

132 937 172 983 111
189 919 282 983 milia
299 940 336 982 ex
350 917 480 1001 Illyrico
495 916 669 998 Antipater
682 918 828 983 miserat:
855 919 1003 984 Thessali
1017 919 1142 1003 equites

133 1010 210 1071 cet
232 1025 306 1070 xxx
334 1027 407 1071 cum
429 1004 581 1089 Philippo
610 1010 714 1069 erant:
745 1027 784 1070 ex
807 1005 911 1090 Lydia
937 1025 965 1072 11
991 1009 1082 1073 milia
1110 1013 1143 1073 et

133 1095 287 1176 sexcenti,
319 1093 509 1178 peregrinus
542 1093 649 1175 miles,
682 1093 890 1179 advenerant,
924 1112 986 1161 coo
1018 1097 1142 1180 equites

134 1182 239 1265 gentis
269 1180 413 1244 eiusdem
440 1181 665 1263 sequebantur.
710 1179 781 1246 Hac
808 1205 905 1248 manu
928 1183 1055 1249 adiecta
1077 1186 1144 1249 odit
1161 1200 1195 1249 so

133 1268 292 1352 Drangae.
321 1268 481 1333 Bellicosa
494 1268 586 1332 natio
601 1271 659 1360 est.
689 1266 842 1354 Satrapes
857 1274 927 1336 erat
939 1270 1144 1354 Barzaentes,

133 1357 263 1421 sceleris
277 1356 312 1420 in
325 1377 435 1441 regom
450 1378 543 1421 suum
558 1357 719 1439 particeps
729 1357 844 1423 Besso:
858 1357 887 1424 is
900 1358 1144 1443 suppliciorum,

134 1466 216 1528 quae
239 1448 413 1527 meruerat,
436 1448 525 1509 metu
547 1444 693 1528 profugit
715 1445 751 1510 in
772 1445 907 1511 Indiam.

556 1600 632 1667 One.
655 1601 728 1668 VII.

81 1709 124 1774 25
222 1708 292 1771 Iam
316 1728 437 1771 nonum
460 1707 546 1771 diem
569 1709 689 1771 stativa
712 1712 818 1791 erant,
847 1730 933 1793 cum,
955 1713 1088 1775 externa
1111 1713 1143 1777 vi
1163 1727 1177 1775 1

134 1816 199 1859 non
225 1795 365 1860 invictus
393 1795 488 1859 modo
521 1794 577 1858 aad
603 1798 706 1872 tutus,
733 1817 790 1860 rex
821 1794 973 1861 intestino
1000 1798 1143 1863 facinore

133 1883 314 1966 petebatur.
354 1880 516 1966 Dymnus,
538 1882 683 1946 modicae
706 1883 790 1966 apud
814 1903 922 1967 regern
940 1887 1143 1951 auctoritatis
1162 1903 1178 1951 a

135 1974 168 2034 et
185 1971 323 2054 gratiae,
347 1971 478 2053 exoleti,
501 1971 553 2035 cui
570 1968 770 2035 Nicomacho
791 1976 861 2055 erat
879 1994 1010 2058 nomen,
1034 1997 1144 2040 amore
1172 1989 1176 1998 '

133 2058 308 2143 flagrabat,
326 2058 482 2143 obsequio
497 2059 553 2123 uni
566 2057 631 2122 sibi
650 2058 750 2123 dediti
769 2062 912 2143 corporis
929 2061 1065 2127 vinctus.
1102 2063 1144 2147 Is,
1162 2078 1179 2126 a

135 2147 220 2230 quod
237 2168 275 2210 ex
293 2148 387 2212 vultu
404 2168 531 2230 quoque
549 2146 687 2230 perspici
704 2151 848 2231 poterat,
867 2149 982 2215 similis
1002 2151 1143 2216 attonito

134 2235 269 2299 remotis
284 2235 416 2299 arbitris
432 2256 504 2299 cum
517 2234 629 2302 iuvene
644 2236 777 2300 secessit
791 2237 825 2301 in
843 2240 1008 2322 templum,
1027 2261 1145 2304 aroana

135 2343 169 2386 se
187 2326 221 2388 et
239 2323 363 2388 silenda
382 2322 506 2387 adferre
524 2322 705 2406 praefatus,
725 2345 978 2410 suspensumque
995 2331 1142 2409 expecta·
1161 2343 1178 2390 4

133 2412 223 2476 tione
241 2432 298 2494 per
315 2413 461 2476 mutuam
476 2412 645 2476 caritatem
660 2414 694 2475 et
712 2413 851 2496 pignora
864 2414 1030 2496 utriusque
1045 2414 1144 2477 animi

133 2503 238 2584 rogat,
258 2503 294 2564 ut
313 2499 463 2564 adfirmet
479 2498 694 2581 iureiurando,
711 2520 792 2583 quae
808 2501 1144 2583 commisissetsilen-

134 2589 181 2653 tio
196 2608 266 2652 esse
279 2591 450 2652 tecturum.
486 2586 531 2650 Et
548 2587 604 2651 ille
621 2591 726 2669 ratus,
744 2586 842 2670 nihil,
861 2586 945 2670 quod
960 2587 1058 2652 etiam
1073 2609 1144 2652 cunr
1162 2605 1179 2654 5

134 2674 275 2758 periurio
291 2673 506 2756 detegendum
520 2672 618 2758 foret,
635 2672 866 2751 indicaturum,
884 2695 941 2757 per
959 2681 1144 2758 praesentes

135 2762 211 2825 deos
233 2761 327 2826 iurat.
364 2760 448 2825 Tum
465 2760 612 2844 Dymnus
631 2761 735 2844 aperit
757 2762 792 2826 in
814 2761 946 2826 tertium
970 2762 1056 2827 diem
1074 2765 1144 2847 regi
1163 2783 1178 2831 o

134 2849 268 2913 insidias
297 2852 490 2933 conparatas
521 2871 616 2932 seque
645 2848 713 2913 eius
742 2849 871 2914 consilii
901 2849 1041 2915 fortibus
1067 2851 1145 2916 viris

135 2942 168 3004 et
195 2937 378 3003 illustribus
407 2957 477 3001 esse
509 2937 707 3022 participem.
756 2937 835 3014 Quis
866 2937 991 3003 iuvenis
1026 2938 1178 3005 auditis?

135 3048 169 3091 se
191 3048 269 3090 vero
291 3025 388 3089 fidem
411 3025 446 3088 in
471 3025 644 3108 parricidio
670 3025 794 3090 dedisse
818 3031 1007 3092 constanter
1031 3027 1179 3094 abnuite

134 3136 193 3180 nec
216 3114 283 3179 ulla
311 3113 480 3198 religione,
508 3116 545 3176 ut
573 3114 676 3178 scelus
702 3117 808 3200 tegat,
835 3136 930 3199 posse
958 3115 1145 3198 constringi

134 3202 295 3287 Dymnus,
324 3206 358 3267 et
384 3221 494 3266 amore
517 3203 551 3265 ct
573 3205 662 3265 metu
685 3223 809 3287 amens,
837 3203 1001 3268 dexteram
1027 3202 1145 3267 exoleti

136 3292 309 3373 conplexus
338 3294 371 3355 et
402 3289 575 3359 lacrimans
604 3311 696 3355 orare
727 3290 879 3376 primum,
915 3294 952 3355 ut
982 3291 1145 3374 particeps

136 3379 262 3444 consilii
293 3378 461 3462 operisque
488 3377 593 3443 fieret:
625 3377 654 3442 si
681 3377 714 3442 id
743 3379 902 3444 sustinere
932 3400 999 3443 non
1025 3381 1180 3462 possete

136 3469 281 3531 attamen
299 3488 339 3530 ne
358 3466 510 3550 proderet
524 3487 566 3550 se,
585 3465 675 3531 cuius
690 3486 767 3550 erga
783 3467 891 3550 ipsum
908 3466 1147 3532 benivolentiae

135 3558 264 3640 praeter
287 3554 351 3619 alia
380 3554 443 3620 hoc
465 3576 593 3639 quoque
616 3553 753 3619 haberet
774 3554 989 3621 fortissimum
1016 3555 1146 3638 pignus,

950 3656 986 3711 9*
