2422 3892
184 183 186 188 .
279 157 535 213 HISTORIARUM
552 156 768 230 ALEXANDRI
787 157 834 220 Vl,
854 165 895 213 ll.
1022 159 1085 226 145

76 309 185 369 autem
210 307 242 368 et
265 301 417 368 Craterus
441 307 474 368 et
496 300 623 367 Coenus
645 303 819 368 tormentis
842 303 1012 368 veritatem
1035 327 1085 368 ex·

76 391 280 476 primendam
312 413 382 456 assa
411 390 561 455 dixerunt
593 393 626 454 et
657 391 707 455 illi
740 412 880 475 quoque,
913 392 968 475 qui
1000 393 1086 456 aliud

76 483 258 564 suaserant,
284 479 319 542 in
345 479 461 543 horum
490 479 683 543 sententiam
709 482 889 544 transeunt
941 477 1085 545 Consilio
1106 493 1139 544 11

78 588 157 652 ergo
185 568 319 632 dimisso
341 567 566 650 Hephaestion
594 588 665 631 oum
689 564 823 633 Cratero
852 571 885 632 et
908 564 1018 634 Coeno
1045 569 1086 632 ad

77 657 298 808 quaestionem
326 654 364 718 de
390 653 524 718 Philota
550 654 732 719 habendam
763 660 969 740 consurgunt.
1017 656 1086 720 Rex
1107 667 1139 716 12

106 748 213 809 ratero
233 743 388 809 accersito
408 747 441 806 et
459 762 607 807 sermone
625 743 749 827 habito,
766 744 856 808 cuius
875 766 1002 808 summa
1019 766 1087 809 non

78 833 164 896 edita
187 835 245 915 est,
268 833 302 896 in
320 831 470 895 intimam
489 830 664 900 deversorii
681 835 809 913 partem
833 833 966 897 secessit
989 837 1022 897 et
1040 854 1087 896 re·

77 920 176 985 motis
199 920 332 984 arbitris
354 920 388 983 in
411 918 549 982 multam
570 920 699 983 noctem
721 920 920 1003 quaestionis
940 925 1086 1004 expecta·

77 1009 126 1073 vit
153 1010 311 1072 eventum.
356 1006 509 1070 Tortores
537 1007 572 1069 in
599 1011 772 1089 conspectu
798 1007 947 1072 Philotae
978 1010 1087 1074 omnia
1108 1020 1139 1068 13

78 1095 279 1159 crudelitatis
297 1095 513 1158 instrumenta
526 1097 719 1177 proponunt.
750 1093 795 1159 Et
809 1095 865 1158 ille
880 1097 977 1179 ultro,
992 1096 1087 1172 ‘Quid
1108 1107 1141 1155 14

78 1181 234 1266 cessatis',
264 1181 383 1266 inquit,
413 1180 511 1265 ‘regis
539 1182 719 1266 inimicum,
750 1181 989 1247 interfectorem
1017 1206 1088 1248 con·

77 1271 224 1335 fitentem
243 1268 408 1334 occidere?
433 1268 509 1352 quid
533 1270 720 1352 quaestione
743 1291 824 1353 opus
844 1270 915 1334 est?
938 1271 1088 1356 cogitavi,

78 1357 188 1424 volui'.
234 1356 387 1422 Craterus
405 1359 542 1441 exigere,
565 1362 609 1442 ut,
633 1379 715 1442 quae
733 1358 948 1442 confiteretur,
971 1359 1004 1422 in
1023 1362 1088 1424 tor·

79 1446 197 1511 mentis
222 1468 347 1530 quoque
371 1445 500 1510 diceret.
543 1444 630 1510 Dum
651 1446 832 1529 corripitur,
857 1448 915 1527 [et]
939 1446 1015 1510 dum
1034 1447 1088 1512 ob·
1108 1449 1141 1505 15

78 1535 223 1619 ligantur
250 1534 348 1614 oculi,
372 1533 448 1598 dum
471 1534 570 1598 vestis
595 1534 733 1618 exuitur,
755 1535 833 1598 deos
855 1534 989 1618 patrios,
1012 1555 1087 1619 gen-

78 1623 162 1687 tium
193 1623 265 1687 iura
296 1622 492 1705 nequiquam
524 1623 609 1705 apud
641 1623 754 1686 surdas
787 1643 880 1686 aures
907 1622 1087 1687 invocabat.

79 1709 142 1791 Per
163 1710 297 1774 ultimos
320 1709 434 1772 deinde
457 1710 631 1792 cruciatus,
660 1712 773 1792 utpote
802 1713 834 1773 et
858 1709 1029 1774 damnatus
1056 1713 1089 1774 et
1165 1765 1199 1786 ,,

79 1797 218 1861 inimicis
241 1797 276 1860 in
299 1796 439 1879 gratiam
462 1796 549 1879 regis
572 1796 809 1879 torquentibus,
831 1796 999 1861 laceratur.
1040 1796 1088 1862 Ac
1109 1811 1141 1858 16

79 1886 185 1968 primo
201 1905 395 1968 quamquam
412 1883 487 1948 hinc
506 1883 601 1966 ignis,
619 1884 710 1947 illinc
728 1884 863 1948 verbera
880 1884 946 1949 iarn
964 1906 1029 1949 non
1048 1885 1089 1949 ad

81 1972 311 2056 quaestionem,
334 1971 389 2037 sed
410 1972 450 2036 ad
468 1992 606 2055 poenam
628 1972 869 2056 ingerebantur,
891 1994 957 2037 non
975 1994 1087 2038 vocem

80 2062 186 2146 modo,
205 2060 261 2125 sed
280 2061 378 2125 etiam
395 2060 535 2144 gemitus
553 2059 670 2124 habuit
681 2059 715 2124 in
733 2062 910 2144 potestate:
929 2060 986 2125 sed
1002 2065 1090 2145 post
1109 2075 1141 2122 17

82 2171 179 2233 quam
206 2149 421 2213 intumescens
446 2168 562 2231 corpus
588 2148 748 2213 ulceribus
774 2148 977 2234 flagellorum
1004 2149 1089 2214 ictus

79 2237 175 2300 nudis
202 2237 328 2301 ossibus
352 2236 497 2301 incussos
520 2235 675 2301 fere'non
697 2240 841 2321 poterat,
868 2237 897 2300 si
918 2238 1089 2301 tormentis

80 2324 259 2390 adhibituri
282 2323 414 2389 modum
438 2327 555 2407 essent,
577 2324 738 2389 dicturum
760 2346 803 2408 se,
827 2345 909 2407 quaa
933 2324 1014 2388 scire
1038 2345 1089 2386 ex-

80 2416 239 2497 peterent,
261 2412 441 2496 pollicetur.
485 2408 550 2476 Sed
568 2412 665 2476 finem
683 2411 865 2495 quaestioni
883 2410 961 2493 fore,
983 2411 1090 2474 iurare

81 2523 136 2566 eos
165 2522 222 2585 per
249 2500 425 2565 Alexandri
452 2501 589 2564 salutem
615 2499 746 2564 volebat
771 2497 993 2581 removerique
1025 2503 1089 2561 tor·

81 2593 177 2654 tores.
225 2587 271 2652 Et
301 2591 438 2670 utroque
470 2588 644 2670 inpetrato,
675 2583 841 2667 ‘Oratore',
868 2584 987 2666 inquit,
1021 2584 1090 2667 ‘dic,
1111 2605 1143 2654 18

82 2676 159 2758 quid
187 2696 239 2738 ma
261 2675 342 2739 velis
366 2673 491 2737 dicere'.
535 2673 597 2737 Illo
620 2672 813 2755 indignante
836 2670 995 2736 ludificari
1017 2693 1089 2736 cum
1111 2694 1143 2742 19

81 2782 255 2845 rursusque
291 2764 462 2826 revocante
498 2764 637 2826 tortores
670 2764 798 2842 tempus
834 2762 944 2843 petere
976 2761 1091 2843 coepit,

83 2850 159 2914 dum
172 2849 330 2931 reciperet
344 2849 503 2932 spiritum,
522 2852 645 2933 cuncta,
664 2868 746 2931 quae
760 2847 866 2932 sciret,
885 2848 1089 2914 indicaturus.

82 2937 218 3003 Interim
233 2937 366 3021 equites,
383 2936 607 3003 nobilissimus
622 2936 757 3020 quisque
776 2939 809 3000 et
826 2935 850 3000 ii
867 2937 1015 3020 maxime,
1034 2936 1090 3019 qui
1109 2957 1143 3005 ‘ro

81 3026 330 3091 Parmenionem
347 3025 531 3108 propinqua
549 3024 741 3109 cognatione
765 3025 981 3108 contingebat,
1004 3027 1091 3107 post-

82 3136 179 3199 quam
197 3114 352 3179 Philotan
370 3114 514 3197 torqueri
536 3112 624 3177 fama
643 3113 841 3197 vulgaverat,
863 3113 970 3195 legem
987 3110 1091 3175 Mace·

83 3203 202 3267 donum
223 3202 336 3284 veriti,
364 3223 426 3285 qua
449 3205 579 3266 cautum
603 3205 685 3283 erat,
712 3203 750 3264 ut
775 3199 950 3284 propinqui
973 3221 1092 3279 sorum,

83 3289 139 3372 qui
156 3289 227 3373 regi
250 3289 397 3355 insidiati
417 3293 534 3373 essent,
557 3310 629 3354 eum
652 3289 732 3371 ipsis
755 3291 955 3368 necarentur,
977 3288 1034 3351 alii
1058 3309 1091 3351 se

83 3377 292 3461 interficiunt,
311 3377 367 3441 alii
384 3376 419 3441 in
438 3376 547 3442 devios
565 3379 693 3441 montes
711 3379 882 3459 vastasque
897 3374 1091 3442 solitudines

82 3464 214 3547 fugiunt
235 3465 359 3550 ingenti
381 3487 438 3548 por
461 3469 533 3530 tota
559 3468 668 3529 castra
689 3468 813 3529 terrore
836 3463 964 3547 diffuso,
992 3463 1092 3527 donec

83 3573 139 3616 rex
153 3554 296 3618 tumultu
311 3554 440 3638 cognito
454 3554 559 3639 legem
574 3575 609 3618 se
622 3555 659 3620 de
672 3552 832 3637 supplicio
847 3552 1092 3616 coniunctorum

137 3666 228 3708 eunius
241 3667 321 3708 Rufus.
898 3658 931 3706 10
