2422 3892
136 140 201 205 236
509 137 540 203 Q.
560 138 671 194 CURTI
689 139 775 194 RUFI

131 286 326 349 memorant:
356 301 471 364 aegros
499 281 630 345 relictos
659 281 781 364 cepisse
812 282 937 366 sedem,
970 304 1080 367 quam
1102 284 1158 368 ipsi

97 386 113 433 c
133 372 332 437 obtinebant.
360 369 466 433 Pelles
485 369 627 433 ferarum
641 391 698 451 pro
715 372 812 453 veste,
831 369 945 436 clavae
961 372 1040 437 tela
1056 376 1155 437 erant:

133 460 298 542 multaque
317 459 426 540 etiam,
445 479 516 520 cum
531 455 646 522 Gracci
665 478 771 521 mores
791 458 1029 543 exolevissent,
1049 460 1156 543 stirpis

98 548 350 614 rostendebant
377 545 524 629 vestigia.
560 544 646 610 Hinc
669 544 855 610 escensione
883 545 978 611 facta
1008 563 1057 614 cc
1081 553 1115 612 et
1138 564 1156 611 Ι,

135 636 240 701 stadia
255 634 392 699 excessit
407 634 682 717 depopulatusque
696 633 861 717 regionem
872 634 1049 717 oppidum,
1065 638 1156 719 capul

99 736 114 785 5
135 725 212 805 eius,
231 743 350 788 corona
369 721 462 804 cepit.
497 738 544 785 xn
562 721 708 804 peditum
722 722 814 785 milia
828 720 1015 806 Agalassee
1035 723 1076 788 in
1093 725 1156 807 ripa

134 811 302 876 fluminum
326 813 556 893 opposuerant:
579 831 661 893 quae
684 831 778 874 amne
802 813 955 893 superato
983 812 1022 875 in
1046 810 1156 898 fugam

135 898 281 981 conpulit
302 898 506 981 inclusosque
530 899 699 962 moenibus
723 901 895 981 expugnat
935 896 1093 965 Puberes
1115 901 1156 964 in-

101 985 264 1051 steriecti
283 990 368 1064 sunt,
387 987 485 1050 ceteri
508 986 685 1051 venierunt.
726 984 872 1050 Alteram
896 984 1021 1051 deinde
1044 988 1156 1053 urben

136 1094 319 1159 expugnare
347 1075 479 1139 adortus
503 1095 683 1157 magnaque
710 1074 743 1137 vi
770 1073 1016 1139 defendentium
1045 1077 1155 1160 pulsus

135 1163 257 1228 multos
288 1163 500 1228 Macedonum
533 1162 652 1227 amisit.
706 1159 768 1227 Sed
806 1182 878 1227 cum
914 1162 949 1226 in
985 1163 1156 1229 obsidione

136 1255 386 1335 perseverasset,
411 1251 561 1335 oppidani
584 1250 754 1333 desperata
780 1251 885 1314 salute
910 1249 1028 1333 ignem
1055 1252 1156 1316 subis

139 1361 209 1404 cere
232 1341 327 1405 tectis
352 1361 448 1422 seque
473 1360 509 1403 ac
532 1338 650 1402 liberos
676 1339 892 1422 coniugesque
914 1339 1077 1406 incendio
1097 1360 1157 1406 cre·

103 1431 239 1493 amant.
285 1427 377 1502 Quod
400 1448 472 1490 cum
494 1427 559 1509 ipsi
582 1431 752 1510 augerent,
779 1426 890 1513 bostes
913 1426 1157 1512 extinguerent,

137 1536 221 1578 nova
251 1515 358 1578 forma
391 1534 518 1597 pugnae
551 1518 629 1578 erat.
680 1514 840 1579 Delebant
870 1512 1001 1580 incolae
1033 1517 1157 1599 urbem,

137 1603 249 1666 hostes
277 1601 507 1666 defendebant:
535 1603 613 1666 adeo
640 1602 738 1666 etiam
765 1606 899 1666 naturae
927 1602 1004 1667 iura
1031 1603 1158 1670 bellum

103 1690 173 1754 ein
205 1690 402 1755 contrarium
435 1693 549 1754 mutat.
603 1689 673 1755 Arx
704 1694 773 1755 erat
804 1690 915 1775 oppidi
946 1690 1098 1777 intaeta,
1129 1694 1158 1757 in

139 1800 203 1859 qua
225 1778 422 1860 praesidium
445 1778 626 1861 dereliquit.
661 1776 736 1861 Ipse
758 1778 896 1862 navigiis
915 1778 1159 1847 circumvectus

137 1868 188 1926 est
220 1887 336 1928 arcem.
391 1865 517 1949 Quippe
548 1884 588 1929 111
624 1867 758 1929 flumina
789 1870 861 1931 tota
896 1865 992 1931 India
1024 1874 1160 1952 praeter
1168 1862 1192 1932 lt

138 1948 274 2033 Gangen
310 1954 452 2012 maxima
488 1953 688 2015 munimento
721 1954 803 2017 ercis
841 1953 1011 2036 adplicant
1043 1958 1161 2023 undas.

137 2036 169 2100 A
206 2035 424 2118 septentrione
464 2035 562 2099 Indus
604 2037 722 2120 adluit,
764 2062 784 2102 a
823 2041 956 2105 meridie
994 2042 1160 2111 Acesines

102 2137 118 2184 9
138 2122 288 2206 Hydaspi
312 2121 529 2186 confunditur.
575 2119 726 2188 Ceterum
752 2128 896 2189 amnium
918 2131 1033 2191 coctus
1060 2132 1161 2196 mari·

137 2211 228 2275 timis
253 2209 377 2274 similes
400 2210 514 2274 fluctus
538 2215 648 2275 movet
666 2213 833 2295 multoque
856 2234 894 2277 ac
911 2213 1046 2280 turbido
1069 2217 1161 2302 limo,

139 2292 223 2385 quod
252 2320 408 2382 aquarum
436 2319 591 2363 concursu
618 2299 753 2363 subinde
783 2300 946 2383 turbatur,
978 2301 1061 2384 iter,
1099 2328 1161 2392 qua

88 2400 120 2448 ιο
139 2390 266 2452 meatur
292 2387 446 2471 navigiis,
477 2387 512 2450 in
538 2390 668 2451 tenuem
698 2387 824 2452 alveum
851 2389 986 2471 cogitur.
1037 2390 1162 2479 Itaque

139 2497 210 2539 cum
247 2475 351 2540 crebri
386 2475 501 2540 fluctus
538 2496 573 2539 se
609 2474 796 2540 inveherent
831 2479 865 2540 et
900 2476 1034 2542 navium
1082 2481 1162 2548 hinc

137 2585 265 2646 proras,
292 2563 368 2627 hinc
395 2563 499 2627 latera
525 2563 706 2645 pulsarent,
733 2563 909 2628 subducere
935 2568 1060 2631 nautae
1087 2572 1162 2635 vela

139 2656 320 2736 coeperunt.
375 2648 437 2714 Sed
468 2650 648 2714 ministeria
679 2672 790 2715 eorum
827 2650 902 2716 hinc
933 2654 1038 2735 aestu,
1081 2656 1162 2725 hinc

88 2752 119 2800 ιι
138 2740 330 2823 praerapida
353 2739 519 2802 celeritate
542 2737 709 2802 fluminum
734 2744 941 2822 occupantur.
985 2738 1027 2806 In
1049 2746 1162 2812 oculis

139 2827 284 2892 omnium
312 2826 374 2889 duo
402 2825 527 2889 maiora
549 2827 681 2910 navigia
707 2827 873 2892 submersa
903 2830 988 2893 sunt:
1020 2830 1162 2920 leviora,

139 2935 213 2980 cum
241 2917 273 2977 et
300 2913 372 2996 ipsa
398 2913 569 2996 nequirent
595 2915 683 2999 regi,
706 2915 740 2978 in
761 2915 866 2999 ripam
888 2919 997 2980 tamen
1020 2917 1163 2989 innoxia
1196 2972 1203 2987 .

141 3002 273 3084 expulsa
297 3004 378 3064 sunt.
415 2999 489 3082 Ipse
508 3021 564 3064 rex
585 3001 620 3064 in
637 3002 859 3084 rapidissimos
874 3003 1011 3069 vertices
1030 3007 1163 3090 incidit,

141 3091 256 3174 quibus
285 3089 407 3152 intorta
428 3087 521 3152 navis
545 3089 677 3172 obliqua
701 3095 733 3154 et
757 3091 966 3174 gubernaculi
987 3093 1163 3177 inpatieus

90 3192 120 3238 ra
141 3178 306 3261 agebatur.
347 3175 417 3239 Iam
440 3179 563 3240 vestem
589 3177 774 3243 detraxerat
797 3180 923 3263 corpori
949 3181 1163 3264 proiecturus

141 3270 244 3329 semet
270 3265 305 3327 in
331 3264 450 3327 fiumen
479 3264 650 3349 amicique,
677 3269 714 3330 ut
741 3267 924 3350 exciperent
949 3289 1038 3354 eum,
1052 3271 1165 3340 'haud

140 3352 253 3436 procul
285 3353 409 3416 nabent
442 3353 680 3438 adparebatque
718 3376 833 3438 anceps
870 3355 1052 3439 periculum
1092 3367 1166 3428 tam

90 3454 121 3502 13
140 3440 286 3505 nataturi
314 3463 411 3524 quam
438 3441 594 3525 navigare
621 3443 865 3526 perseverantis.
910 3443 1000 3528 Ergo
1028 3446 1167 3533 ingenti

131 3530 311 3597 certamine
326 3528 496 3599 concitant
510 3551 619 3597 remos
639 3532 824 3616 quantaque
833 3531 888 3592 uis
897 3531 1051 3593 bumana
1057 3536 1174 3619 {amq
