2422 3892
249 136 507 192 srsroamaun
525 137 742 193 ιιιιιιιιιιι
759 135 812 204 ιι,
831 144 856 192 s.
876 141 918 192 ιο.
1047 104 1091 202 ιι,

76 284 233 349 hostium:
265 283 416 347 audaciae
444 303 584 367 quoque,
613 303 677 366 qua
699 280 837 344 maxime
860 281 978 366 viguit,
1006 281 1089 345 ratio
1108 301 1142 349 ‘ro

77 373 179 436 minui
205 374 326 455 potest,
358 371 433 454 quia
459 391 635 454 numquam
661 369 696 432 in
723 368 894 433 discrimen
921 368 1025 452 venit,
1048 390 1090 433 an

76 464 197 524 temere
220 459 355 524 fecisset
389 457 548 539 Mazaeus,
571 457 634 542 qui,
657 457 685 521 si
707 455 949 521 transcuntibus
972 457 1091 521 flumen

79 547 329 631 supervenisset,
300 545 447 611 thaud
473 509 568 610 dubie
592 566 801 630 oppressurus
823 545 918 609 fuit
908 545 1090 628 1nconposi·

78 639 145 720 tos,
179 636 214 698 in
244 636 315 718 ripa
347 634 475 699 demum
507 633 587 698 ad
578 655 644 698 ram
674 635 874 734 perarmatos
907 634 1091 716 adequitare

79 723 192 807 coepit
235 721 325 787 Mille
348 722 520 787 admodum
542 722 665 805 equites
688 721 906 804 praemiserat.
947 720 1090 797 Quorum
1109 740 1142 790 al
1165 721 1169 728 ’

77 811 240 895 paucitate
255 810 438 875 Alexander
461 810 634 894 explorata,
657 809 770 873 deinde
793 812 979 892 contempta
1000 830 1091 892 prae·

77 898 141 963 fect
126 902 196 963 tum
218 898 381 963 Paeonum
404 899 548 982 equitum
570 897 725 962 Aristona
746 897 863 961 laxatis
885 897 1090 961 habenisin·

78 988 152 1051 vehi
178 987 283 1051 iussit.
327 987 467 1071 Insignis
496 1008 533 1050 eo
561 985 612 1049 die
638 1005 749 1068 pugna
775 985 919 1068 equitum
946 989 979 1049 et
1000 1007 1090 1067 prae·
1110 1004 1141 1053 ιι

44 1143 51 1156 ,
79 1076 172 1158 cipue
200 1074 364 1138 Aristonis
392 1074 467 1138 fuit:
503 1073 702 1157 praefectum
732 1072 892 1154 equitatus
921 1071 1091 1137 Persarum

80 1160 276 1245 Satropaten
308 1161 429 1225 directa
458 1162 494 1225 in
525 1164 638 1244 guttur
663 1160 758 1223 hasta
784 1160 946 1224 transfixit
967 1160 1091 1244 fugien-

78 1253 207 1333 temque
234 1269 292 1332 per
317 1247 440 1313 medios
462 1249 572 1313 hostes
595 1249 785 1311 consecutus
808 1268 846 1309 ex
869 1268 950 1333 equo
973 1248 1092 1330 praeci·

78 1337 195 1420 pitavit
224 1339 257 1400 et
286 1336 466 1401 obluctanti
495 1336 603 1420 gladio
631 1338 729 1418 caput
755 1333 907 1418 dempsit,
938 1335 1023 1418 quod
1044 1356 1091 1399 re·

78 1424 182 1488 latum
205 1426 419 1506 magnacum
442 1423 537 1489 laude
561 1426 635 1487 ante
659 1422 745 1506 regis
767 1423 865 1506 pedes
887 1423 1004 1505 posuit.

518 1578 596 1646 Ore.
619 1580 657 1644 X.

27 1669 69 1733 39
169 1684 273 1748 Biduo
295 1684 342 1749 ibi
365 1686 484 1750 stativa
501 1707 557 1750 rex
574 1685 703 1751 habuit:
726 1687 760 1750 in
778 1687 961 1770 proximum
979 1686 1092 1750 deinde
1112 1706 1126 1755 1

81 1771 285 1855 pronuntiari
310 1772 368 1836 iter
393 1772 498 1836 iussit
548 1771 610 1836 Sed
640 1774 745 1857 prima
776 1775 842 1838 fere
873 1774 984 1858 vigilia
1015 1775 1127 1844 lunas

81 1857 232 1922 deficiens
257 1858 399 1941 primum
426 1859 564 1923 nitorem
587 1859 699 1925 sideris
722 1862 772 1926 sui
794 1861 950 1945 condidit,
980 1860 1092 1924 deinde

81 1946 247 2030 sanguinis
270 1947 375 2010 colore
399 1946 520 2012 suffuso
542 1948 651 2012 lumen
674 1969 769 2014 omne
792 1948 946 2033 foedavit,
976 1949 1092 2014 sollici·

79 2034 184 2118 tisque
203 2035 263 2098 sub
280 2033 388 2117 ipsum
405 2034 491 2099 tanti
510 2035 702 2100 discriminis
721 2057 833 2100 casum
848 2035 963 2121 ingens
976 2037 1090 2121 religio

80 2125 113 2185 et
136 2143 174 2185 ex
197 2143 236 2186 ca
257 2121 395 2186 formido
419 2122 576 2207 quaedam
596 2123 728 2189 incussa
750 2127 806 2188 est.
843 2122 901 2189 Dis
924 2124 1034 2189 invitis
1057 2125 1092 2188 in
1110 2145 1126 2193 o

81 2208 211 2273 ultimas
237 2212 340 2273 terras
368 2209 454 2273 trahi
477 2231 511 2274 se
535 2211 762 2294 querebantur:
789 2211 855 2275 iam
877 2233 937 2276 nec
958 2213 1093 2276 flumina

80 2316 175 2378 posse
212 2296 292 2361 adiri
327 2317 386 2360 nec
418 2297 524 2362 sidera
553 2299 725 2380 pristinum
762 2321 887 2364 servare
923 2299 1092 2384 fulgorem,

80 2387 189 2448 vastas
215 2388 331 2467 terras,
362 2385 489 2449 deserta
517 2386 626 2449 omnia
652 2408 829 2450 occurrere:
861 2388 896 2450 in
918 2387 1013 2450 unius
1036 2386 1092 2451 ho·
1187 2401 1191 2408 '

79 2472 176 2536 minis
216 2472 423 2537 iactationem
467 2475 518 2537 tot
556 2473 681 2537 milium
717 2474 908 2557 sanguinem
943 2473 1092 2555 inpendi:

79 2559 207 2624 fastidio
236 2581 306 2624 esse
328 2561 487 2644 patriam,
499 2559 640 2625 abdicari
657 2560 844 2643 Philippum
866 2563 1000 2643 patrem,
1024 2581 1091 2624 oae-

36 2643 43 2657 '
78 2646 147 2711 lum
169 2648 261 2711 vanis
279 2635 531 2730 cogitationibus
549 2650 665 2729 petere.
697 2645 774 2710 Iam
784 2668 883 2730 prope
903 2647 1126 2718 seditionemr

78 2755 131 2797 res
158 2736 241 2816 erat,
272 2754 345 2796 cum
368 2734 409 2797 ad
432 2734 540 2797 omnia
561 2733 727 2798 interritus
750 2734 845 2799 duces
867 2734 1091 2820 principesque

79 2820 220 2884 militum
242 2819 426 2903 frequentes
445 2821 555 2893 adesse
573 2822 734 2904 praetorio
760 2822 873 2904 [iubet]
896 2824 1090 2908 Aegyptios-

80 2930 142 2992 que
165 2910 265 2991 vates,
288 2928 369 2990 quos
392 2908 473 2972 caeli
496 2930 533 2974 ac
556 2908 694 2973 siderum
712 2911 922 2994 peritissimos
941 2933 1011 2977 esse
1025 2935 1090 2979 cre·

80 2996 190 3080 debat,
223 2995 299 3081 quid
327 2995 482 3061 sentirent
467 3000 709 3080 t,expromere
731 2999 828 3065 iubet
873 3000 920 3065 At
941 2990 1002 3084 illi,
1035 3003 1125 3086 quis

81 3084 159 3149 satis
190 3085 309 3148 scirent
330 3087 510 3168 temporum
538 3086 631 3151 orbes
657 3087 779 3170 inplere
807 3088 983 3153 destinatas
1006 3089 1090 3154 vices
1187 3096 1191 3105 '

79 3173 252 3255 lunamque
281 3173 428 3257 dficere,
459 3194 531 3238 cum
560 3179 616 3238 aut
641 3177 760 3240 terram
788 3176 910 3240 subiret
941 3180 998 3241 aut
1024 3178 1090 3241 sole

79 3268 287 3342 premeretur,
327 3260 485 3326 rationem
522 3263 699 3346 quidem
689 3264 769 3347 1psis
804 3267 988 3347 perceptam
1024 3285 1090 3328 non

80 3348 215 3411 edocent
239 3310 371 3432 uulgus:
404 3353 542 3413 ceterum
569 3351 741 3414 adfirmant
762 3352 863 3414 solem
887 3350 1090 3436 Graecorum,
1108 3373 1124 3420 s

78 3435 190 3499 lunam
213 3457 283 3501 esse
296 3435 476 3520 Persarum,
500 3439 710 3522 quotiensque
728 3438 787 3502 illa
804 3438 940 3521 deficiat,
962 3439 1095 3502 ruinam

78 3525 283 3606 stragemque
304 3523 369 3588 illis
392 3488 542 3610 gentibus
565 3525 732 3611 portendi:
753 3528 937 3609 ceteraque
960 3522 1122 3598 exempta
