2422 3892
134 151 200 215 238
508 146 540 212 o.
559 114 669 202 cusu
687 147 773 202 aum
808 92 824 138 '⁸

82 308 116 356 aa
224 293 338 358 Omnis
362 291 534 355 multitudo
561 293 595 354 et
616 291 755 354 maxime
778 289 929 354 militaris
949 291 1064 356 mobili
1084 291 1146 356 im·
1159 294 1197 356 17

135 386 213 466 petu
231 381 374 446 effertur:
407 380 454 442 ita
482 378 650 443 seditionis
677 398 741 442 non
768 378 911 442 remedia
935 400 1031 462 quam
1056 380 1147 462 prin·

84 484 117 532 aa
136 471 221 554 cipia
242 469 368 533 maiora
390 470 475 531 sunt.
519 465 594 531 Non
618 465 700 530 alias
727 470 794 530 tam
822 466 928 529 alacer
955 466 1079 531 clamor
1102 468 1146 532 ab

136 557 276 622 exercitu
299 559 349 620 est
373 554 516 619 redditus
542 553 735 637 iubentium,
763 553 892 617 duceret
919 553 968 617 dis
996 555 1147 620 secundis

136 648 351 729 aequaretque
387 642 508 726 gloria,
544 662 624 725 quos
661 643 882 706 aemularetur.
936 641 1054 707 Laetus
1092 642 1146 708 his

136 730 424 798 adclamationibus
466 730 506 794 ad
546 730 657 794 hostes
697 729 844 812 protinus
887 734 993 794 castra
1032 731 1146 796 movit.

83 835 117 883 24
134 819 363 884 Validissimae
385 817 538 882 Indorum
562 820 674 900 gentes
698 821 789 880 erant
812 821 845 881 et
870 818 989 882 bellum
1016 818 1146 902 inpigre

134 908 296 990 parabant
323 906 497 990 ducemque
520 926 559 969 ex
585 905 716 969 natione
739 902 952 970 Sudracarum
980 910 1147 987 spectatae

134 995 264 1059 virtutis
296 995 475 1077 elegerant:
508 993 563 1077 qui
577 993 658 1078 ‘sub
690 993 852 1057 radicibus
887 994 1005 1057 montis
1039 998 1147 1058 castra

134 1082 244 1166 posuit
264 1083 394 1165 lateque
418 1082 520 1166 ignes,
541 1084 579 1145 ut
602 1081 741 1164 speciem
763 1081 980 1145 multitudinis
1004 1085 1147 1167 augeret,

136 1170 291 1249 ostendit,
319 1171 457 1234 clamore
486 1190 611 1252 quoque
639 1189 676 1232 ac
698 1169 749 1234 sui
777 1170 877 1234 moris
904 1170 1029 1234 ululatu
1057 1169 1146 1234 iden·

135 1260 237 1324 tidem
256 1259 494 1342 adquiescentes
512 1256 704 1321 Macedonas
722 1256 844 1322 frustra
861 1260 981 1321 terrere
1000 1263 1146 1323 conatus.

84 1361 117 1409 aa
135 1347 206 1411 Iam
233 1347 289 1411 lux
316 1347 500 1428 adpetebat,
528 1366 600 1408 cum
628 1365 684 1408 rex
712 1344 844 1409 fiduciae
872 1367 909 1409 ac
932 1346 1001 1428 spei
1029 1345 1145 1429 plenus

136 1436 257 1498 alacres
284 1434 404 1497 milites
431 1454 521 1496 arma
547 1453 661 1513 capere
692 1436 725 1496 et
747 1432 832 1496 exire
859 1433 893 1496 in
916 1434 1018 1497 aciem
1045 1434 1145 1498 iubet

136 1520 258 1585 Sed-
276 1520 363 1584 haud
381 1519 519 1584 traditur
536 1521 666 1584 metune
685 1541 727 1583 an
745 1521 859 1584 oborta
882 1521 1041 1586 seditione
1059 1521 1145 1585 inter

83 1624 117 1672 aa
135 1610 277 1692 ipsos-
292 1609 400 1672 subito
418 1606 632 1692 profugerunt
649 1607 793 1672 barbari:
812 1613 897 1673 certe
912 1609 1002 1674 avios
1017 1613 1144 1674 montes

136 1702 169 1761 et
191 1696 353 1780 inpeditos
376 1699 624 1778 occupaverunt,
647 1717 783 1780 quorum
806 1716 924 1780 agmen
945 1718 1001 1761 rex
1023 1696 1145 1762 frustra

135 1789 321 1869 persecutus
343 1784 561 1868 inpedimenta
584 1785 678 1868 oepit.

224 1873 419 1939 Perventum
450 1873 563 1937 deinde
591 1876 642 1937 est
674 1873 715 1937 ad
741 1874 893 1956 oppidum
922 1871 1144 1956 Sudracarum,
1157 1875 1195 1939 18

136 1962 169 2025 in
202 1961 287 2044 quod
318 1961 461 2044 plerique
494 1959 720 2043 confugerant,
753 1961 840 2024 haud
872 1961 994 2024 maiore
1025 1961 1145 2026 fiducia

83 2063 115 2111 aa
136 2049 312 2130 moenium,
336 2068 433 2130 quam
456 2067 627 2110 armorum.
667 2047 738 2111 Iam
761 2048 953 2113 admovebat
974 2069 1044 2127 rex,
1072 2069 1144 2114 cum

131 2138 224 2198 nates
254 2155 384 2199 monere
412 2155 483 2197 eum
512 2133 631 2216 coepit,
660 2155 702 2198 ne
727 2135 945 2200 committeret
973 2140 1029 2201 aut
1058 2141 1145 2202 certe

82 2237 117 2286 aa
135 2222 280 2286 differret
297 2221 512 2287 obsidionem:
531 2221 619 2286 vitae
633 2221 701 2286 eius
715 2223 894 2306 periculum
909 2224 1042 2289 ostendi.
1074 2223 1145 2289 Rex

135 2310 394 2394 Demophontem
415 2345 454 2356 -
474 2310 503 2374 is
526 2331 666 2394 namque
688 2314 779 2375 vates
798 2315 869 2376 erat
886 2347 923 2359 —
940 2313 1078 2394 intuens,
1097 2311 1145 2377 ‘Si

135 2397 229 2483 quis’,
251 2399 366 2484 inquit,
384 2396 429 2464 ‘te
447 2398 511 2464 arti
528 2402 604 2464 tuae
622 2398 783 2462 intentum
798 2401 830 2462 et
848 2402 923 2463 exta
942 2403 1144 2483 spectantem

136 2489 183 2552 sio
205 2487 400 2572 interpellet,
421 2508 487 2552 non
509 2486 662 2566 dubitem,
685 2487 763 2570 quin
781 2486 1003 2552 incommodus
1022 2510 1060 2553 ac
1078 2510 1145 2552 mo-

82 2576 236 2641 aelectus
264 2575 367 2640 videri
393 2575 455 2639 tibi
484 2572 609 2657 possit'
650 2573 694 2638 Et
726 2595 799 2638 cum
830 2575 887 2639 ille
920 2574 979 2640 ‘ita
1010 2597 1144 2659 prorsus

134 2662 292 2728 futurum'
319 2662 552 2745 respondisset,
579 2659 774 2744 ‘Censesne',
800 2661 918 2746 inquit,
941 2661 1062 2729 ‘tantas
1085 2686 1147 2748 res,

22 2772 29 2783 ·
135 2772 202 2815 non
227 2750 385 2834 pecudum
415 2749 513 2812 fibras
541 2751 615 2812 ante
643 2750 753 2813 oculos
781 2750 915 2814 habenti
943 2752 1046 2816 ullum
1074 2773 1145 2816 esse

136 2838 239 2900 maius
266 2836 533 2919 inpedimentum,
560 2858 657 2921 quam
684 2840 793 2902 vatem
816 2840 1048 2922 superstitione
1071 2861 1145 2921 cap-

83 2938 117 2986 30
136 2921 240 2988 tuml'
274 2921 343 2987 Nec
360 2921 490 3006 diutius,
509 2945 606 3006 quam
623 2926 799 3009 respondit,
819 2931 964 2992 moratus
982 2927 1145 2990 admoveri

135 3011 226 3075 iubet
249 3010 351 3075 scalas
374 3012 659 3096 cunctantibusque
683 3015 798 3078 ceteris
823 3015 930 3078 evadit
951 3014 985 3076 in
1008 3033 1144 3075 murum.

123 3100 287 3185 'Angusta
317 3098 402 3163 muri
433 3119 551 3163 corona
588 3103 669 3164 erat:
704 3122 770 3165 non
802 3102 919 3183 pinnae
950 3099 1034 3162 sicut
1067 3095 1144 3159 ahbi

136 3189 306 3273 fastigium
325 3189 392 3253 eius
407 3186 627 3272 distinxerant,
646 3189 703 3252 sed
719 3193 876 3272 perpetua
890 3186 990 3250 lorica
1005 3184 1144 3248 obducta

84 3291 117 3338 31
136 3279 310 3342 transitum
329 3279 502 3361 saepserat.
541 3274 656 3359 Itaque
674 3298 729 3340 rex
752 3273 907 3339 haerebat
925 3274 1029 3359 magis
1048 3295 1146 3358 quam

124 3366 243 3430 stabat
262 3367 298 3430 in
316 3366 480 3452 margine,
503 3364 606 3450 clipeo
630 3364 769 3448 undique
787 3362 963 3429 incidentia
984 3363 1053 3427 tela
1074 3385 1146 3447 pro·

101 3453 270 3532 pulsans:
301 3479 383 3523 nam
420 3457 545 3546 ubique
574 3454 701 3524 eminus
726 3474 768 3518 en
793 3452 938 3518 turribus
967 3453 1157 3535 petebatur.-

31 3545 75 3594 32
88 3537 171 3610 Nec
192 3545 319 3615 subire
343 3550 480 3619 milites
506 3550 684 3640 poterant,
710 3543 790 3633 quia
810 3561 954 3625 superne
969 3540 1009 3601 ni
1024 3539 1167 3599 morum
