2422 3892
244 147 496 204 HISTORIARUM
514 148 730 204 ALEXANDRI
748 149 799 220 IV,
819 157 843 205 1.
1029 151 1072 218 33

62 299 186 357 serunt:
209 292 265 357 sed
288 314 343 358 eos
365 293 527 376 Amyntas
554 294 675 374 proelio
704 299 872 377 superatos
899 294 934 358 in
960 295 1072 359 urbem

62 382 216 465 conpellit
232 381 409 465 castrisque
425 382 540 465 positis
552 383 690 446 victores
704 383 744 446 ad
757 382 961 466 populandos
975 404 1071 466 agros

61 470 257 534 1166611661·
293 470 381 533 velut
416 469 451 533 in
483 470 589 534 medio
620 471 735 553 positis
766 471 895 554 praedis
929 471 1072 534 hostium

63 561 179 621 cuncta
201 558 387 641 agebantur.
427 557 540 641 ltaque
559 556 713 642 Mazaces,
736 580 931 642 quamquam
951 559 1071 622 infelici
1091 580 1125 629 31

62 645 185 728 proelio
206 667 336 710 suorum
355 645 480 710 animos
498 647 627 710 territos
646 667 716 710 esse
734 651 941 730 cognoverat,
962 651 1073 711 tamen

61 734 209 814 palantes
241 737 274 797 et
303 733 457 797 victoriae
484 732 602 797 fidncia
627 733 775 799 incautos
804 738 973 799 ostentans
1001 756 1071 817 per-

60 821 157 904 pulit,
182 842 223 885 ne
247 821 432 885 dubitarent
455 844 494 885 ex
516 823 595 885 urbe
618 842 784 904 erumpere
808 826 840 886 et
861 844 912 887 res
935 822 1071 887 amissas

61 909 247 991 reciperare.
280 908 319 973 Id
341 910 509 974 consilium
527 930 593 974 non
610 910 736 973 ratione
754 910 952 994 prudentius,
974 932 1072 994 quam
1091 931 1124 978 33

61 1003 178 1060 eventu
204 997 329 1061 felicius
356 997 431 1061 fuit:
469 998 509 1061 ad
537 1019 636 1061 unum
665 1018 776 1061 omnes
802 1020 875 1062 cum
897 999 969 1081 ipso
993 999 1072 1062 duce

62 1085 160 1148 occisi
188 1088 272 1148 sunt.
317 1083 386 1148 Has
409 1107 529 1167 poenas
551 1085 713 1167 Amyntas
735 1086 861 1168 utrique
883 1087 953 1170 regi
976 1087 1072 1168 dedit,

60 1171 163 1236 nihilo
191 1172 295 1256 magis
323 1172 366 1255 ei,
398 1173 438 1235 ad
466 1194 561 1256 quem
583 1172 816 1256 transfugerat,
847 1173 944 1257 fidus,
976 1195 1072 1256 quarn

60 1259 123 1343 illi,
146 1281 242 1345 quem
265 1260 456 1323 deseruerat.

20 1395 43 1459 6
150 1390 248 1455 Darei
277 1394 458 1475 praetores,
491 1391 546 1474 qui
577 1391 699 1474 proelio
732 1391 818 1472 apud
841 1390 935 1456 Isson
964 1413 1071 1475 super·
1091 1412 1126 1460 34

61 1479 203 1562 fuerant,
230 1501 302 1543 cum
327 1479 416 1543 omni
439 1501 551 1561 manu,
574 1499 655 1562 quae
678 1478 840 1562 fugientes
862 1483 971 1544 secuta
995 1483 1073 1564 erat,

63 1568 234 1649 adsumpta
247 1568 344 1632 etiam
359 1563 588 1651 Cappadocum
602 1569 634 1629 et
647 1565 893 1650 Paphlagonum
907 1568 1072 1632 iuventute

62 1653 198 1738 Lydiam
231 1656 408 1737 reciperare
441 1655 654 1738 temptabant.
707 1654 906 1739 Antigonus,
942 1660 1125 1739 praetereo

62 1741 250 1824 Alexandri,
272 1740 392 1825 Lydiae
415 1746 575 1824 praeerat:
607 1742 662 1826 qui
685 1763 879 1825 quamquam
902 1744 1072 1826 plerosque

63 1830 203 1892 militum
226 1851 265 1892 61
286 1829 453 1912 praesidiis
477 1831 518 1894 ad
540 1850 649 1914 regern
671 1829 844 1912 dimiserat,
867 1834 977 1894 tamen
999 1831 1072 1893 har—

63 1917 150 1980 baris
180 1917 295 2000 spretis
318 1917 354 1981 in
376 1918 476 1981 aciem
500 1940 575 1982 61166
599 1917 716 1981 eduxit.
760 1917 884 1981 Eadem
907 1918 972 1982 illio
996 1939 1072 2002 quo-

63 2027 125 2089 que
151 2005 283 2069 fortuna
309 2006 450 2088 partium
476 2005 553 2069 fuit:
589 2005 693 2069 trihus
722 2007 852 2088 proeliis
884 2007 948 2069 alia
976 2009 1071 2089 atque

63 2095 127 2157 alia
148 2093 280 2177 regione
303 2093 479 2157 commissis
495 2093 609 2158 Persae
628 2092 814 2159 funduntur.
850 2093 974 2159 Eodem
992 2098 1072 2158 tem·
1091 2113 1125 2162 36

62 2203 140 2265 pore
168 2182 278 2245 classis
305 2181 518 2246 Macedonum
545 2203 583 2245 61
607 2180 742 2246 Graecia
770 2183 872 2246 accita
894 2183 1072 2246 Aristome-

63 2290 141 2351 nen,
173 2270 227 2352 qui
254 2269 294 2332 ad
315 2269 519 2353 Hellesponti
546 2291 637 2334 oram
659 2270 900 2353 reciperandam
923 2293 943 2334 a
965 2270 1071 2335 Dareo

64 2359 133 2420 6161
158 2357 288 2442 missus,
320 2359 422 2440 captis
450 2358 517 2421 eius
545 2361 601 2420 aut
629 2359 745 2421 eversis
772 2359 909 2422 navibus
933 2362 1073 2440 superat.

61 2444 93 2525 A
124 2444 257 2510 Milesiis
289 2445 403 2509 deinde
434 2444 676 2527 Pharnabazus,
712 2445 892 2527 praefectus
924 2445 1071 2508 Persicae
1091 2465 1124 2512 31

62 2533 187 2617 classis,
217 2533 356 2616 pecunia
382 2537 495 2597 exacta
521 2536 554 2596 et
579 2532 739 2616 praesidio
762 2532 933 2595 inurbem
956 2530 1073 2595 Chium

60 2621 246 2685 introducto
274 2624 402 2684 centum
429 2621 565 2684 navibus
588 2619 736 2681 Andrum
764 2622 796 2682 et
818 2618 892 2681 inde
916 2616 1073 2701 Siphnum

60 2709 181 2859 periibit
201 2707 271 2769 Has
294 2719 420 2792 quoque
442 2708 565 2772 insulas
583 2706 752 2789 praesidiis
771 2710 915 2789 occupat,
937 2707 1073 2789 pecunia

61 2819 96 2860 m
147 2817 188 2859 a.

152 2925 344 3010 Magnitudo
366 2927 451 3010 belli,
475 2926 559 3009 quod
582 2927 624 2990 ab
647 2926 898 3009 opulentissimis
921 2925 1126 3009 Europaeos

62 3015 222 3098 Asiaeque
249 3014 379 3098 regibus
407 3015 441 3078 in
469 3037 559 3099 spem
584 3015 684 3079 totius
708 3016 794 3080 orbis
818 3015 996 3098 occupandi
1019 3036 1072 3098 ge·

62 3105 202 3185 rebatur,
225 3101 379 3167 Graeciae
403 3125 528 3187 quoqne
551 3107 584 3167 et
601 3100 715 3167 Cretae
739 3125 828 3167 arma
847 3106 1072 3167 commoverat.

62 3191 157 3276 Agis,
184 3187 509 3256 Lacedaemoniorum
531 3213 595 3270 161,
618 3195 691 3256 6616
714 3193 844 3255 milibus
868 3190 1072 3272 Graecorum,
1091 3210 1125 3259 33

63 3280 119 3364 qui
151 3301 190 3343 61
217 3278 328 3344 Cilicia
360 3280 490 3363 profugi
520 3279 631 3344 domos
658 3282 867 3362 repetierant,
900 3279 1072 3342 contractis

62 3369 183 3431 bellum
210 3366 398 3450 Antipatro,
429 3367 636 3432 Macedoniae
663 3368 840 3450 praefecto,
872 3366 1072 3429 moliebatur.

65 3454 233 3520 Cretenses
259 3455 319 3519 has
347 3459 404 3519 aut
429 3456 501 3519 illas
528 3459 637 3538 partes
666 3455 766 3519 secuti
787 3475 874 3517 nune
898 3453 1073 3535 Spartano·
1098 3473 1135 3515 aa

63 3565 149 3626 rum,
178 3565 264 3609 nunc
286 3543 500 3608 Macedonum
527 3541 700 3629 praesidiis
723 3543 991 3627 occupabantxm.
1027 3533 1108 3594 &ab

113 3645 204 3686 omina
214 3647 296 3688 Burin.
874 3651 895 3698 ’ὁ
