2422 3892
259 134 514 192 HISTORIARUM
531 133 748 188 ALEXANDRI
765 132 817 203 IV,
836 138 861 187 8.
1022 131 1064 194 39

55 283 209 367 pontibus
233 281 357 365 stratis,
384 279 439 363 qui
461 280 596 343 militem
618 278 828 361 sustinerent,
854 277 1066 360 inpleverant.

58 369 109 435 Sic
140 371 314 434 instructas
346 368 561 452 quadriremes
593 367 634 431 ad
662 367 775 431 urbem
805 365 959 450 agebant:
990 364 1066 428 inde

58 458 192 522 missilia
209 459 245 521 in
262 460 505 542 propugnantes
523 455 753 539 ingerebantur
767 457 849 538 tuto,
872 454 948 537 quia
961 452 1066 536 proris

60 547 151 610 miles
172 546 350 630 tegebatur.
393 543 501 608 Media
522 566 587 608 nox
609 547 687 627 erat,
709 565 783 607 cum
805 543 949 622 classem,
972 540 1067 605 sicuti
1086 560 1119 609 16

62 632 180 698 dictum
207 637 268 717 cst,
298 637 446 718 paratam
473 631 637 696 circumire
660 652 769 696 muros
791 630 889 695 iubet.
934 630 1066 711 Iamque

61 742 159 786 naves
177 721 249 786 urbi
263 722 405 806 undique
419 721 680 800 admovebantur,
698 723 731 783 et
743 719 831 802 Tyrii
845 718 1066 801 desperatione

60 810 242 894 torpebant,
263 831 336 873 cum
360 810 465 875 subito
485 808 608 891 spissae
625 807 727 871 nubes
740 806 906 871 intendere
921 828 955 871 se
969 806 1068 888 caelo,

61 901 106 981 et,
137 899 292 982 quidquid
318 898 398 962 lucis
427 897 649 979 internitebat,
682 895 786 960 offusa
807 896 943 980 caligine
967 895 1067 958 extin-

60 989 148 1049 ctum
180 990 238 1051 est.
287 984 369 1049 Tum
400 986 622 1050 inhorrescens
654 1004 742 1047 mare
773 984 929 1067 paulatim
958 981 1068 1062 levari,
1088 1001 1119 1048 17

60 1072 175 1137 deinde
203 1073 324 1137 acriore
348 1077 446 1138 vento
468 1073 665 1137 concitatum
688 1071 803 1134 fluctus
825 1072 907 1135 ciere
930 1074 963 1134 et
984 1071 1069 1133 inter

60 1182 95 1224 se
116 1161 248 1245 navigia
265 1159 433 1224 conlidere.
467 1158 601 1243 Iamque
619 1158 722 1223 scindi
740 1163 916 1241 coeperunt
932 1159 1069 1240 vincula,

62 1248 179 1331 quibus
206 1269 345 1312 conexae
373 1247 589 1331 quadriremes
617 1250 722 1328 erant,
750 1268 842 1309 ruere
869 1246 1015 1309 tabulata
1038 1248 1070 1307 et

61 1357 135 1400 cum
160 1336 287 1420 ingenti
308 1335 438 1420 fragore
460 1335 496 1398 in
516 1333 712 1418 profundum
735 1355 843 1398 secum
864 1333 983 1396 milites
1006 1336 1069 1395 tra·

59 1424 145 1489 here.
190 1422 303 1507 Neque
330 1424 414 1486 enim
438 1426 586 1487 conserta
612 1422 744 1506 navigia
765 1422 833 1486 ulla
859 1443 919 1504 ope
945 1420 981 1485 in
1003 1424 1069 1485 tur·
1090 1440 1121 1488 18

61 1512 136 1577 bido
158 1512 228 1596 regi
251 1515 415 1595 poterant:
440 1512 532 1574 miles
555 1510 732 1574 ministeria
754 1513 939 1592 nautarum,
961 1531 1070 1572 remex

62 1600 173 1663 militis
196 1599 303 1663 officia
324 1600 486 1683 turbabat,
510 1601 551 1682 et,
574 1597 660 1681 quod
680 1598 716 1661 in
738 1598 894 1662 eiusmodi
917 1619 995 1662 casu
1018 1619 1069 1661 ac·

63 1687 153 1770 cidit,
189 1687 284 1769 periti
317 1687 440 1770 ignaris
471 1687 640 1770 parebant:
686 1686 804 1770 quippe
836 1687 1069 1771 gubernatores

63 1775 144 1838 alias
172 1774 330 1857 imperare
358 1774 444 1838 soliti
470 1778 541 1838 tum
568 1777 656 1838 metu
683 1775 795 1838 mortis
822 1774 911 1837 iussa
938 1793 1070 1855 exeque-

16 1939 22 1946 N
63 1861 191 1925 bantur.
236 1860 379 1924 Tandem
401 1863 497 1926 remis
518 1861 715 1945 pertinacius
739 1862 960 1926 everberatum
982 1880 1070 1923 mare

62 1949 161 2013 veluti
185 1948 393 2032 eripientibus
415 1950 547 2034 navigia
569 1950 709 2014 classicis
733 1950 841 2032 cessit,
873 1949 1070 2033 adpulsaque

63 2041 139 2101 sunt
161 2037 249 2101 litori
270 2038 410 2101 lacerata
432 2039 592 2121 pleraque.

12 2121 54 2186 15
149 2123 257 2188 Isdem
285 2125 369 2189 forte
400 2126 512 2192 diebus
535 2124 850 2209 Carthaginiensium
877 2124 977 2210 legati
999 2142 1071 2187 xxx
1092 2144 1123 2192 19

64 2213 302 2297 superveniunt,
324 2214 429 2298 magis
452 2213 591 2278 obsessis
615 2213 768 2278 solacium
787 2236 883 2297 quam
903 2212 1070 2277 auxilium:
1184 2259 1187 2262 -

64 2302 181 2383 quippe
208 2301 383 2366 domestico
414 2302 500 2366 bello
528 2301 654 2367 Poenos
685 2302 822 2384 inpediri
853 2323 913 2365 nec
945 2302 984 2364 de
1011 2301 1070 2363 im-

62 2389 160 2472 perio,
183 2388 239 2453 sed
261 2411 320 2472 pro
344 2391 446 2453 salute
470 2390 620 2454 dimicare
643 2391 846 2454 nuntiabant.
878 2388 1070 2472 Syracusani
1089 2409 1124 2458 20

61 2481 131 2540 tum
144 2475 289 2541 Africam
311 2478 451 2542 urebant
471 2481 504 2541 et
520 2477 608 2541 haud
626 2479 736 2560 procul
751 2476 957 2559 Carthaginis
971 2476 1072 2538 muris

62 2565 249 2629 locaverant
275 2569 390 2630 castra
434 2563 512 2629 Non
537 2569 647 2628 tamen
670 2565 813 2628 defecere
836 2563 952 2626 animis
975 2561 1073 2644 Tyrii,

67 2673 263 2735 quamquam
282 2651 323 2715 ab
341 2653 468 2736 ingenti
486 2674 543 2735 spe
562 2652 707 2715 destituti
725 2654 826 2733 erant,
848 2649 903 2714 scd
920 2651 1072 2734 coniuges

61 2739 244 2821 liberosque
274 2739 474 2803 devehendos
502 2738 731 2822 Carthaginem
757 2738 972 2822 tradiderunt,
1007 2739 1072 2803 for-

61 2827 141 2908 tius,
179 2824 334 2910 quidquid
368 2826 540 2910 accideret,
576 2827 685 2909 laturi,
722 2827 749 2890 si
787 2826 985 2891 carissimam
1022 2829 1072 2891 sui

61 2916 187 2997 partem
224 2918 315 2976 extra
348 2916 467 2977 sortem
499 2914 634 2996 periculi
667 2915 843 2979 communis
874 2915 1070 2981 habuissent.

62 3000 206 3084 Cumque
228 3022 313 3065 unus
336 3023 353 3064 e
372 3001 494 3067 civibus
511 3003 547 3065 in
563 3003 710 3067 contione
724 3003 905 3087 indicasset,
928 3005 1071 3069 oblatam
1090 3024 1121 3072 21

61 3110 132 3154 esse
155 3111 213 3173 per
235 3111 382 3154 somnum
407 3090 469 3154 sibi
492 3092 630 3176 speciem
648 3091 817 3175 Apollinis,
840 3114 935 3175 quem
956 3092 1072 3155 eximia

62 3177 217 3261 religione
241 3178 395 3261 colerent,
417 3180 530 3244 urbem
553 3181 737 3263 deserentia,
759 3180 939 3263 molemque
962 3201 982 3242 a
1004 3178 1071 3243 Ma-

62 3265 238 3330 cedonibus
268 3266 303 3330 in
334 3268 402 3331 salo
434 3268 551 3332 iactam
583 3270 619 3333 in
650 3269 829 3333 silvestrem
856 3270 975 3331 saltum
1002 3289 1071 3331 esse

63 3356 234 3417 mutatam:
267 3374 460 3439 quamquam
483 3361 595 3421 auctor
617 3357 695 3421 levis
719 3359 800 3438 erat,
822 3358 932 3418 tamen
955 3355 995 3418 ad
1019 3355 1071 3418 de·
1091 3376 1125 3424 22

62 3440 181 3505 teriora
210 3441 367 3507 credenda
395 3445 492 3527 proni
519 3449 608 3509 metu
635 3465 733 3508 aurea
762 3446 876 3507 catena
902 3442 1072 3507 devinxere

61 3528 270 3595 simulacrum
305 3552 442 3614 araeque
476 3531 638 3618 Herculis,
674 3533 764 3597 cuius
799 3531 925 3595 numini
959 3532 1073 3596 urbem
