2422 3892
125 155 188 220 174
494 155 525 221 Q.
545 155 656 212 OURTI
674 157 760 212 RUFI

53 315 99 369 ’11
123 306 251 365 terram.
290 300 451 384 Hypsides
469 303 598 382 poterat
620 300 748 383 quidem
768 300 917 385 effugere,
935 301 993 366 sed
1011 302 1142 370 amisso

123 389 225 453 amico
244 390 328 453 mori
346 387 470 452 statuit.
503 386 578 452 Una
591 391 661 452 erat
674 409 759 473 cure,
772 411 813 454 ne
827 389 949 453 inultus
963 390 1141 458 occideret

121 476 236 561 Itaque
265 476 402 541 subditis
434 475 613 540 calcaribus
640 497 722 560 equo
751 476 786 540 in
813 476 935 542 medios
962 476 1076 544 hostis
1104 502 1142 547 sc

122 565 244 630 inmisit
271 567 304 628 ct
331 564 533 628 memorabili
559 563 645 627 edita
671 583 781 647 pugna
808 565 943 630 obrutus
969 565 1051 631 telis
1080 576 1143 635 eea

69 672 104 721 38
123 652 216 729 Quod
235 653 290 717 ubi
308 651 428 729 ridere,
448 651 504 735 qui
521 651 613 715 caedi
630 655 831 736 supererant,
853 653 1015 717 tumulum
1035 656 1141 739 paulo

124 763 219 824 quam
238 743 344 804 cetera
362 739 529 804 editiorem
550 739 693 823 capiunt:
717 762 797 824 quos
816 739 1023 824 Spitamenes
1049 743 1142 810 fame

122 830 156 892 in
180 828 374 893 deditionem
393 826 584 892 subacturus
603 828 738 893 obsedit.
780 825 930 892 Cecidere
947 849 985 893 eo
1003 833 1142 912 proelio

69 936 104 984 11
121 916 266 998 peditum
283 934 310 979 11
327 915 427 1000 milia,
442 931 506 981 ccc
523 915 656 999 equites.
692 914 796 991 Quam
809 917 932 981 cladem
945 914 1143 986 Alexander

122 1004 248 1068 sollerti
274 1003 409 1068 coneilio
437 1003 533 1082 texit,
565 1007 669 1068 morte
700 1003 889 1069 denuntiata
915 1002 971 1087 iis,
1002 1006 1066 1090 qui
1098 1030 1143 1075 ex

123 1091 249 1174 proelio
273 1091 481 1174 advenerant,
504 1091 532 1156 si
555 1095 628 1156 acte
650 1090 847 1174 vulgassent.

527 1245 608 1314 One.
630 1248 720 1314 VIII.

88 1375 101 1421 1
210 1352 360 1421 Ceterum
375 1376 446 1419 cum
461 1355 569 1418 animo
589 1353 748 1438 disparem
761 1355 887 1420 vultum
906 1356 1032 1424 diutius
1050 1360 1177 1428 ferredi

85 1442 625 1597 2tltttltt.tutb{ttt¹t
626 1463 739 1593 ΠΗ111Ρ
742 1444 1142 1621 1111111111

121 1618 222 1682 animi
240 1617 388 1682 consulta
406 1616 568 1701 pensando
586 1621 716 1682 noctem
734 1618 856 1702 vigiliis
875 1620 1017 1686 extraxit
1038 1646 1140 1711 saepe

119 1706 261 1789 pellibus
283 1705 486 1771 tabernaculi
509 1705 677 1790 adlevatis,
705 1711 741 1771 ut
764 1706 962 1790 conspiceret
983 1708 1140 1780 hostium

119 1795 225 1879 ignes,
254 1795 409 1878 equibus
438 1794 616 1859 coniectare
643 1797 785 1878 poterat,
813 1799 934 1878 quanta
959 1795 1139 1869 hominum

83 1901 99 1949 a
120 1882 294 1947 multitudo
312 1886 406 1946 11111.
440 1882 573 1966 Iamque
596 1882 652 1946 lux
670 1882 851 1966 adpetebat,
869 1905 941 1948 cum
958 1885 1138 1956 thoracem

118 1971 251 2035 indutus
273 1971 418 2053 procedit
440 1970 480 2034 111
502 1969 636 2048 milites,
658 1973 729 2034 tum
749 1971 890 2054 primum
911 1977 988 2056 poet
1012 1977 1138 2045 vulnus

82 2058 265 2141 aproxime
297 2060 471 2140 acceptum.
520 2056 626 2121 Tanta
658 2062 728 2122 erat
759 2058 843 2141 apud
874 2081 928 2124 eos
960 2066 1137 2134 veneratio

118 2145 219 2228 regis,
242 2147 279 2208 ut
296 2144 391 2209 facile
409 2144 558 2228 periculi,
577 2144 663 2228 quod
681 2145 869 2230 horrebant,
893 2148 1137 2231 cogitationem

83 2233 300 2316 epracsentia
326 2232 393 2297 eius
421 2236 592 2297 excuteret.
636 2231 729 2297 Laeti
752 2254 829 2318 ergo
858 2239 890 2300 et
918 2242 1136 2308 manantibus

118 2320 235 2405 gaudio
268 2319 411 2385 lacrimis
444 2321 649 2385 consalutant
676 2344 748 2386 eum
778 2325 825 2406 et,
857 2323 941 2407 quod
973 2328 1054 2391 ante
1084 2352 1136 2395 re·

83 2412 307 2476 acusaverunt
328 2409 463 2493 bellum,
485 2408 608 2474 feroces
631 2409 817 2492 deposcunt.
859 2410 920 2476 llle
943 2433 978 2476 se
999 2417 1135 2485 ratibus

118 2497 258 2581 equitem
271 2497 530 2582 phalangemque
539 2500 835 2580 transportaturum
844 2521 913 2564 esse
927 2506 1136 2591 pronuntiat,

83 2604 214 2669 usuper
236 2589 325 2650 utres
348 2585 438 2650 iubet
456 2607 532 2651 nare
553 2586 656 2649 levius
675 2589 827 2651 armatos.
865 2587 963 2652 Plura
980 2610 1043 2655 nec
1066 2592 1136 2659 dici

116 2695 167 2738 res
192 2673 386 2738 desideravit
407 2695 467 2739 nec
490 2696 546 2738 rex
569 2673 673 2738 dicere
695 2695 753 2756 per
776 2674 985 2740 valitudinem
1009 2681 1135 2760 potuit

81 2759 267 2826 eGeterum
294 2764 388 2825 tanta
415 2761 584 2826 alacritate
610 2761 751 2826 militum
774 2765 860 2827 rates
887 2763 1016 2828 iunctae
1042 2773 1136 2855 sunt,

117 2853 154 2912 ut
172 2849 258 2911 intra
275 2849 417 2913 triduum
435 2849 476 2913 ad
494 2867 545 2914 xn
561 2849 652 2913 milia
671 2850 801 2914 effectae
820 2850 893 2916 sint
931 2851 1069 2937 Iamque
1088 2858 1135 2923 ad

116 2934 348 3000 transeundum
368 2937 475 3000 omnia
494 2940 698 3020 aptaverant,
721 2959 792 3002 cum
810 2938 912 3022 legati
929 2938 1135 3023 Scytharum

116 3041 173 3106 xx,
192 3044 281 3087 more
300 3023 405 3107 gentis
423 3044 482 3107 per
500 3027 607 3089 castra
625 3025 715 3110 equis
733 3026 828 3110 vecti,
846 3028 993 3093 nuntiare
1011 3029 1137 3101 iubent

83 3131 98 3178 1
118 3111 200 3196 regi,
230 3112 311 3176 velle
335 3112 424 3195 ipsos
446 3112 488 3176 ad
510 3134 582 3177 eum
605 3113 759 3178 mandata
784 3115 934 3197 perferre.
979 3116 1136 3187 Admissi

116 3201 149 3263 in
173 3200 416 3264 tabernaculum
439 3200 583 3286 iussique
606 3202 770 3267 considere
792 3203 825 3266 in
848 3204 941 3269 vultu
961 3205 1051 3290 regis
1075 3209 1136 3277 de·

116 3288 253 3351 fixerant
271 3289 394 3353 oculos:
419 3289 527 3374 eredo,
551 3290 623 3373 quis
646 3290 867 3374 magnitudine
890 3293 1034 3375 corporis
1060 3298 1135 3375 111-

116 3397 205 3439 mum
242 3376 489 3442 aestimantibus
525 3378 668 3442 modicus
707 3377 838 3442 habitus
873 3379 1135 3467 haudquaquam

60 3462 221 3528 11111111
243 3486 306 3548 par
333 3466 508 3530 videbatur.
554 3464 684 3549 Scythis
715 3468 823 3530 autem
850 3489 917 3533 non
942 3472 980 3533 ut
1007 3475 1136 3541 ceteris

98 3551 256 3618 barbaris
275 3553 370 3622 rudis
391 3558 426 3622 et
443 3555 633 3623 inconditus
651 3557 848 3620 1111111111,
869 3555 1002 3635 quidam
1015 3578 1142 3631 eam
