2422 3892
125 143 190 205 120
496 141 527 208 Q.
547 140 657 196 GURTI
674 139 761 195 RUFI

123 286 237 371 Ionas,
264 285 434 351 Aeolidem
463 285 595 350 servitio
623 283 793 350 barbariae
821 283 997 368 inpotentis
1022 285 1144 350 exemi·

124 396 211 458 mus,
239 372 380 456 (leriam,
411 372 564 456 Lydiam,
587 370 839 456 Cappadociam,
863 371 1055 456 Phrygiam,
1077 372 1144 439 Pa·

124 461 349 546 phlagoniam,
376 460 618 545 Pamphyliam,
647 460 788 544 Pisidas,
812 457 976 543 Ciliciam,
999 458 1144 545 Syriam,

124 549 321 633 Phoenicen,
352 548 554 633 Armeniam,
585 547 752 632 Persiden,
784 548 910 632 Medos,
942 547 1145 614 Parthienen

88 650 107 698 4
125 638 282 703 habemus
301 638 336 701 in
353 641 527 721 potestate:
546 638 655 721 plures
669 638 852 721 provincias
867 637 1043 720 conplexus
1058 659 1143 721 sum,

127 748 224 810 quam
253 726 311 790 alii
342 726 439 791 urbes
470 728 634 811 ceperunt,
665 729 698 790 et
724 725 833 790 nescio
863 745 906 788 an
938 726 1144 790 enumeranti

91 825 107 873 5
126 814 208 878 mihi
231 812 389 897 quaedam
411 813 484 897 ipsa
506 835 614 878 rerum
636 814 811 878 multitudo
835 812 1034 877 subduxerit
1074 811 1143 878 Ita·

128 922 191 986 que
214 901 242 965 si
265 901 428 966 crederem
453 902 534 966 satis
553 904 674 966 certam
693 923 764 966 esse
782 900 1021 984 possessionem
1038 903 1143 966 torra-

126 1010 208 1072 rum,
227 1010 307 1073 quas
325 991 417 1054 tanta
435 990 606 1054 velocitate
621 989 812 1072 domuimus,
830 1008 890 1073 ego
904 1009 991 1071 vero,
1008 989 1144 1073 milites,

127 1077 168 1141 ad
190 1081 324 1160 penates
351 1098 454 1160 meos,
482 1077 524 1142 ad
549 1080 718 1162 parentem
746 1098 933 1159 sororesque
960 1079 994 1142 et
1016 1079 1143 1142 ceteros

127 1165 213 1230 cives
235 1164 287 1230 vel
309 1167 524 1231 retinentibus
543 1166 638 1231 vobis
657 1186 866 1249 erumperem,
888 1167 927 1228 ut
943 1162 992 1229 ibi
1009 1165 1143 1248 potissi·

128 1275 217 1318 mum
235 1256 333 1338 parta
350 1253 518 1321 vobiscum
541 1254 635 1318 laude
658 1257 692 1318 et
714 1254 820 1338 gloria
841 1252 978 1336 fruerer,
1000 1253 1059 1317 ubi
1079 1274 1142 1318 nos

123 1343 291 1407 uberrima
320 1343 475 1407 victoriae
502 1343 647 1425 praemia
673 1344 857 1425 expectant,
887 1341 1041 1423 liberum,
1068 1361 1143 1407 con·

127 1430 240 1513 iugum
267 1432 501 1512 parentumque
531 1430 671 1512 laetitia,
704 1450 781 1511 pax,
813 1429 919 1513 quies,
946 1450 1055 1494 rorum
1081 1450 1143 1513 per

92 1517 279 1581 ovirtutem
301 1519 469 1598 partarum
493 1536 605 1581 secura
627 1517 800 1599 possessio.
846 1515 908 1581 Sed
931 1517 967 1580 in
990 1537 1074 1582 novo
1099 1521 1142 1602 et,

129 1604 158 1669 si
171 1625 284 1668 verum
299 1602 396 1668 fateri
410 1604 569 1688 volumus,
586 1605 731 1687 precario
750 1605 890 1688 imperio
909 1604 1014 1670 adhuc
1027 1605 1142 1689 iugum

129 1692 198 1756 eius
221 1690 329 1775 rigida
351 1691 473 1758 cervice
495 1693 707 1758 subeuntibus
730 1692 879 1757 barbaris
902 1696 1058 1776 tempore,
1080 1694 1140 1758 mi·

127 1780 215 1864 lites,
244 1802 325 1864 opus
348 1783 412 1865 est,
440 1780 516 1845 dum
538 1781 722 1846 mitioribus
745 1781 882 1865 ingeniis
906 1779 1084 1846 inbuuntur
1107 1784 1141 1846 ct

92 1872 108 1920 ⁷
130 1869 280 1934 efferatos
298 1869 413 1934 melior
431 1870 628 1935 consuetudo
647 1870 834 1952 permulcet.
869 1866 992 1952 Fruges
1013 1889 1141 1952 quoque

127 1958 350 2021 maturitatem
373 1960 459 2021 stato
481 1960 627 2040 tempore
650 1960 835 2041 expectant:
859 1955 939 2021 adeo
963 1956 1062 2022 ctiam
1080 1957 1141 2021 illa

93 2050 110 2099 8
130 2065 243 2108 sensus
258 2044 364 2108 omnis
378 2044 524 2127 expertia
537 2047 647 2109 tamen
661 2067 721 2110 sua
734 2045 806 2128 lege
821 2044 1003 2109 mitescunt.
1031 2044 1140 2120 Quid?

129 2130 260 2195 creditis
292 2134 345 2195 tot
376 2135 503 2216 gentes,
535 2133 667 2197 alterius
695 2132 830 2216 imperio
863 2153 900 2197 ao
927 2133 1058 2198 nomine
1087 2132 1141 2198 ad·

129 2222 252 2303 suetas,
278 2240 344 2282 non
367 2218 481 2297 sacris,
508 2240 571 2286 noa
593 2221 751 2303 moribus,
776 2241 843 2285 non
865 2221 1057 2286 commercio
1080 2220 1140 2286 lin·

129 2327 211 2392 guae
224 2306 394 2372 nobiscum
400 2307 625 2390 cohaerentes,
640 2308 751 2374 eodem
764 2309 888 2392 proelio
903 2307 1044 2374 domitas
1060 2329 1141 2393 esse,

131 2418 193 2481 quo
212 2396 316 2461 victae
335 2395 433 2461 sunt?
479 2394 607 2461 Vestris
626 2395 724 2462 armis
744 2395 960 2480 continentur,
982 2418 1049 2462 non
1071 2398 1141 2463 suis

129 2485 284 2567 moribus,
305 2486 338 2549 et
355 2484 411 2568 qui
429 2487 616 2567 praesentes
635 2487 792 2562 metuunt,
810 2485 844 2549 in
863 2485 1012 2550 absentia
1029 2485 1141 2550 hostes

130 2576 233 2639 erunt.
282 2570 363 2638 (lum
390 2571 468 2638 feris
496 2572 610 2638 bestiis
633 2594 685 2638 res
708 2576 771 2656 est,
798 2593 879 2656 quas
903 2576 1014 2657 captas
1038 2577 1072 2637 et
1093 2573 1142 2637 in·

130 2663 250 2744 clusas,
273 2661 350 2746 quia
372 2661 516 2745 ipsarum
537 2664 654 2726 natura
676 2681 742 2725 non
763 2664 888 2744 potest,
917 2661 1048 2745 longior
1070 2661 1139 2726 dics

93 2755 110 2803 9
129 2750 271 2832 mitigat.
314 2748 360 2814 m
386 2748 490 2814 adhuc
513 2749 560 2814 sic
582 2769 658 2834 ago,
684 2754 850 2832 tamquam
873 2748 981 2813 omnia
1003 2749 1140 2814 subacta
1163 2751 1184 2816 8

130 2838 196 2900 sint
214 2836 324 2919 armis,
346 2858 428 2920 quae
446 2837 577 2902 fuerunt
594 2838 629 2901 in
648 2837 772 2902 dicione
789 2836 900 2902 Darei.
939 2835 1141 2921 Hyrcaniam

128 2922 161 2989 N
163 2924 338 2988 arbazanes
353 2925 536 3007 occupavit:
550 2925 668 2990 Bactra
681 2947 747 2989 non
760 2924 905 3008 possidet
918 2926 1023 2990 solum
1037 2925 1140 3009 parri-

129 3012 202 3077 cida
220 3010 350 3094 Bessus,
374 3010 429 3076 sed
449 3013 547 3076 etiam
569 3014 640 3089 tude
657 3014 812 3078 minatur:
835 3010 999 3098 Sogdiani,
1017 3011 1140 3092 Dahae,

78 3108 111 3158 10
129 3100 347 3184 Massagetae,
379 3096 492 3183 Sacae,
523 3097 596 3164 Indi
626 3101 676 3165 sui
708 3101 787 3165 iuris
815 3104 899 3167 sunt.
949 3100 1069 3167 Omnes
1096 3101 1141 3185 hi,

131 3189 228 3253 simul
249 3192 343 3272 terga
365 3190 478 3252 nostra
500 3188 655 3272 viderint,
677 3190 752 3253 illos
776 3193 963 3273 sequentur:
984 3190 1035 3255 illi
1053 3189 1141 3254 enim

130 3277 272 3341 eiusdem
290 3275 433 3341 nationis
453 3280 537 3359 sunt,
555 3298 615 3342 nos
630 3277 830 3361 alienigenae
846 3280 879 3343 et
892 3278 1025 3344 externi.
1066 3275 1142 3343 Suis

129 3365 262 3450 quisque
286 3367 393 3429 autam
415 3364 572 3449 placidius
595 3368 702 3450 paret,
729 3366 827 3430 etiam
856 3387 928 3431 cum
951 3366 979 3432 is
1001 3369 1141 3450 praeest,

78 3473 110 3522 11
131 3453 186 3538 qui
208 3454 313 3536 magis
336 3452 444 3516 timeri
466 3456 583 3536 potest.
628 3452 767 3517 Proinde
790 3456 860 3534 aut,
883 3475 965 3538 quae
987 3453 1141 3538 cepimus,

131 3541 311 3608 omittenda
339 3544 414 3606 sunt
440 3545 510 3627 aut,
543 3561 623 3626 quae
649 3561 714 3606 non
741 3541 913 3625 hahemus,
945 3541 1142 3625 occupanda.
