2422 3892
139 157 205 220 240
511 159 542 226 Q.
562 159 672 215 OURTI
690 159 777 214 RUFI

139 300 236 367 Indus
266 302 401 367 duorum
429 303 612 368 cubitorum
641 304 796 386 sagittam
821 339 859 350 -
885 325 1022 386 namque
1049 302 1154 387 Indis,

140 394 177 454 ut
195 394 290 455 antea
308 391 456 475 diximus,
473 390 571 456 huius
585 391 818 475 magnitudinis
838 392 979 475 sagittae
998 394 1092 455 erant
1108 428 1152 438 —

140 479 187 563 ita
220 479 375 561 excussit,
410 483 448 543 ut
479 501 537 563 per
568 479 734 545 thoracem
766 479 897 563 paulum
929 501 1024 562 super
1062 478 1152 545 latus

90 576 122 625 ιο
140 565 287 632 dextrum
315 567 472 652 infigeret.
523 567 593 644 Quo
626 569 757 632 vulnere
790 567 937 634 adflictus
969 587 1091 651 magna
1119 565 1152 632 vi

140 655 306 738 sanguinis
343 656 500 720 emicante
531 656 658 720 remisit
688 677 778 720 arma
808 655 998 720 moribundo
1032 655 1150 719 similis

141 743 283 825 adeoque
306 743 479 827 resolutus,
505 746 603 808 utne
627 743 669 808 ad
690 743 873 808 vellendum
896 743 1024 827 quidem
1046 743 1151 808 telum

88 839 121 887 11
141 831 301 895 sufficeret
324 830 462 895 dextera.
503 830 617 914 Itaque
640 832 680 896 ad
706 832 910 916 spoliandum
933 853 1065 914 corpus,
1095 832 1150 916 qui

140 918 378 1002 vulneraverat,
402 919 509 984 alacer
529 919 647 1004 gaudio
666 920 814 984 accurrit.
850 920 952 995 Quem
971 923 1008 983 ut
1029 919 1150 984 inicere

140 1007 265 1088 corpori
288 1028 346 1071 suo
370 1029 485 1072 manus
508 1007 623 1090 sensit,
650 1008 758 1090 credo,
787 1007 892 1072 ultimi
916 1006 1080 1072 dedecoris
1103 1007 1151 1070 in·

139 1093 299 1179 dignitate
322 1098 501 1160 commotus
529 1096 726 1179 linquentem
753 1095 918 1160 revocavit
945 1095 1090 1160 animum
1118 1098 1151 1159 et

89 1190 121 1240 12
140 1182 261 1246 nudum
278 1182 382 1248 hostis
404 1184 490 1248 latus
510 1183 654 1248 subiecto
674 1205 824 1248 mucrone
841 1182 960 1247 hausit.
996 1182 1151 1248 Iacebant

141 1271 226 1334 circa
255 1291 364 1355 regem
396 1271 461 1336 tria
488 1293 623 1355 corpora
649 1273 760 1355 procul
793 1270 995 1355 stupentibus
1024 1271 1147 1337 ceteris.

139 1358 199 1422 Ille
223 1361 271 1442 ut,
295 1362 467 1443 antequam
489 1359 623 1424 ultimus
647 1360 778 1443 spiritus
801 1359 962 1443 deficeret,
993 1359 1149 1424 dimicans

140 1449 248 1510 tamen
276 1447 531 1530 extingueretur,
559 1446 660 1529 clipeo
689 1469 723 1511 se
751 1447 901 1511 adlevare
925 1449 1059 1511 conatus
1086 1449 1149 1511 eat:

89 1541 121 1589 13
141 1536 174 1596 et
205 1536 376 1616 postquam
410 1533 449 1598 ad
481 1533 685 1598 conitendum
716 1533 799 1598 nihil
827 1538 992 1618 supererat
1023 1535 1150 1619 virium,

140 1619 274 1685 dextera
299 1621 509 1705 inpendentes
538 1643 646 1686 ramos
675 1622 848 1706 conplexus
880 1623 1064 1705 temptabat
1097 1623 1171 1687 ad·'

141 1729 282 1796 surgere.
324 1707 385 1775 Sed
408 1711 514 1776 nesio
535 1710 664 1794 quidem
686 1714 802 1794 potens
821 1711 965 1794 corporis
984 1731 1097 1776 rursus
1115 1712 1151 1775 in

141 1818 247 1882 genua
277 1800 472 1884 procumbit,
509 1821 606 1864 manu
642 1821 820 1882 provocans
856 1800 979 1881 hostes,
1016 1798 1045 1863 11
1077 1798 1149 1883 quis

90 1895 122 1944 14
142 1886 293 1970 congredi
317 1888 457 1953 auderet.
493 1887 637 1952 Tandem
655 1886 825 1952 Peucestes
844 1907 902 1970 per
921 1885 1019 1950 aliam
1038 1885 1150 1971 oppidi
1160 1884 1196 1949 21

140 1979 267 2057 partem
290 1973 469 2039 deturbatis
492 1975 787 2057 propugnatoribus
810 1975 895 2038 muri
917 1973 1057 2057 vestigia
1079 1996 1150 2058 per·

91 2069 123 2118 1⁶
142 2081 277 2143 sequens
304 2062 390 2143 regis
422 2062 614 2144 supervenit.
659 2059 728 2134 Quo
757 2064 929 2144 conspecto
957 2062 1151 2146 Alexander,

140 2146 205 2210 iam
227 2167 294 2210 non
316 2148 402 2212 vitae
425 2169 514 2230 suae,
538 2148 593 2211 sed
616 2147 731 2211 mortis
750 2148 906 2213 solacium
925 2151 1150 2232 supervenisse

140 2237 243 2318 ratus,
275 2235 378 2318 clipeo
408 2235 585 2321 fatigatum
616 2256 732 2316 corpus
764 2237 899 2320 excepit.
950 2235 1044 2302 Subit
1075 2238 1151 2302 inde

141 2321 291 2388 Timaeus
328 2327 361 2388 et
394 2324 491 2407 paulo
527 2327 604 2407 post
633 2322 831 2402 Leonnatus,
867 2324 942 2389 huic
974 2325 1149 2391 Aristonus

90 2422 122 2471 16
141 2411 334 2496 supervenit.
374 2411 446 2476 Indi
479 2433 617 2496 quoque,
652 2433 724 2476 cum
760 2412 846 2475 intra
880 2411 1009 2476 moenia
1039 2433 1151 2496 regem

142 2522 211 2565 esse
243 2501 476 2584 conperissent,
507 2500 635 2565 omissis
667 2500 781 2564 ceteris
812 2499 889 2563 illuc
920 2507 1151 2566 concurrerunt

142 2585 1150 2761 111ῑὲ1111111111111111111111

91 2774 123 2821 1⁷
142 2785 252 2848 pugna
265 2764 393 2830 cecidIt:
411 2762 581 2828 Peucestes
595 2784 721 2847 quoque
735 2764 840 2829 tribus
854 2763 967 2829 iaculis
981 2764 1148 2829 confossus

141 2873 207 2915 non
230 2874 264 2917 se
287 2856 396 2917 tamen
421 2855 525 2935 scuto,
548 2851 603 2915 sed
628 2872 738 2936 regem
760 2852 927 2917 tuebatur:
956 2850 1150 2934 Leonnatus,

143 2940 219 3004 dum
238 2939 329 3021 avide
347 2942 477 3005 ruentes
496 2940 651 3004 barbaros
671 2941 848 3022 submovet,
866 2941 988 3004 cervice
1007 2940 1151 3019 graviter

92 3037 124 3086 18
142 3029 209 3095 icta
236 3027 433 3094 semianimis
460 3028 632 3112 procubuit
659 3030 734 3092 ante
761 3027 847 3112 regis
874 3027 979 3110 pedes.
1019 3025 1089 3087 Iam
1118 3031 1150 3088 et

142 3117 312 3185 Peucestes
332 3116 516 3181 vulneribus
543 3116 701 3201 fatigatus
727 3116 921 3180 submiserat
943 3113 1092 3194 clipeum,
1115 3112 1150 3176 in

142 3207 297 3273 Aristono
324 3226 397 3289 spes
420 3204 537 3269 ultima
559 3203 722 3269 haerebat.
766 3203 830 3267 Hic
852 3220 977 3285 quoquc
1005 3199 1150 3282 graviter

143 3295 269 3359 saucius
296 3298 422 3359 tautam
450 3293 516 3358 vim
539 3292 684 3357 hostium
710 3290 797 3355 ultra
820 3286 977 3353 sustinere
999 3309 1066 3353 non
1092 3311 1147 3372 po

81 3391 118 3440 19
136 3385 230 3448 terat.
272 3383 366 3449 Ister
386 3382 466 3448 haec
489 3381 530 3447 ad
548 3379 739 3445 Macedonas
761 3395 871 3461 regem
889 3375 1039 3441 cecidisse
1062 3376 1150 3442 fama

111 3473 254 3553 perlata
287 3476 350 3541 est.
409 3470 601 3540 Terruisset
635 3467 734 3552 alios,
767 3465 855 3550 quod
883 3465 962 3528 illos
993 3465 1149 3530 incitavit.

98 3557 268 3652 Namque
285 3565 440 3653 periculi
459 3563 576 3634 omnis
594 3559 808 3627 immemores
825 3550 973 3618 dolabris
986 3550 1168 3629 pestisque
