2422 3892
297 165 549 221 HISTORIARUM
568 166 781 221 ALEXANDRI
799 167 861 234 VII,
881 173 905 222 7.
925 174 949 225 8.
1066 168 1128 232 115

120 311 315 394 sapientiam
347 331 472 394 quoque
500 331 614 393 capere
646 310 809 394 dicuntur,
838 313 1128 394 quantamcumque

121 420 199 485 gens
233 399 320 481 capit
351 420 477 482 semper
510 400 642 464 armata.
692 395 758 483 Sic,
790 420 871 483 quae
903 399 1029 463 locutos
1059 419 1179 466 111111

122 487 208 571 apud
225 507 335 571 regem
352 487 527 551 memoriae
546 486 710 569 proditum
724 489 782 569 est,
801 487 975 552 abhorrent
992 487 1130 550 forsitan

120 575 264 639 moribus
290 574 525 659 hominibusque
553 575 673 638 nostris
707 577 740 638 et
766 578 914 658 tempora
941 579 974 639 et
1000 575 1129 659 ingenia

120 664 259 728 cultiora
288 663 422 727 sortitis.
468 661 530 727 Sed
558 666 594 726 ut
620 662 725 744 possit
747 663 850 728 oratio
875 685 986 727 eorum
1013 663 1130 745 sperni,

120 755 229 815 tamen
254 750 335 815 fides
362 754 474 817 nostra
501 772 567 815 non
589 750 696 814 debet:
725 772 836 835 quare,
860 754 1030 834 utcumque
1054 754 1129 815 sunt

68 839 135 904 341
120 840 254 922 tradita,
284 839 472 922 incorrupta
498 838 703 922 perferemus.
752 838 856 923 Igitur
883 862 983 904 unum
1011 861 1050 903 ex
1076 839 1180 905 111111

121 928 297 991 maximum
329 931 408 992 natu
439 928 527 991 locut
513 931 582 991 tum
614 926 807 1010 accepimus·
840 925 885 992 Si
917 927 950 992 di
980 926 1073 991 habit
1059 930 1129 991 tum

122 1016 301 1101 corporis
298 1016 348 1079 tui
380 1015 480 1079 avidit
466 1016 528 1079 tati
560 1015 660 1078 animi
692 1036 802 1097 parem
835 1036 904 1080 csse
940 1016 1128 1098 voluissent,

121 1103 208 1167 orbis
236 1106 268 1166 te
294 1065 1129 1185 11111111111111111111110111111111,1111111

121 1189 331 1255 Occidentem
351 1190 553 1274 contingeres
578 1193 610 1253 et
631 1189 693 1254 hoc
717 1191 886 1255 adsecutus
914 1191 995 1255 scire
1021 1191 1129 1272 velles,

120 1278 177 1342 ubi
200 1277 284 1342 tanti
306 1278 448 1342 numinis
470 1278 580 1361 fulgor
599 1278 748 1342 conderet
734 1277 815 1369 turs
834 1262 887 1343 Sic
910 1299 1035 1361 quoque
1056 1299 1128 1342 con·

120 1367 270 1449 cupiscis,
302 1388 384 1450 quae
415 1387 481 1430 non
509 1366 607 1449 capis.
656 1365 708 1430 Ab
735 1367 868 1450 Europa
894 1365 1180 1450 petistAsiam,13

120 1475 158 1517 ex
173 1453 252 1517 Asia
269 1453 413 1519 transis
403 1476 438 1518 m
451 1453 630 1537 Europam.
650 1454 773 1537 deinde,
791 1477 820 1518 11
811 1455 1010 1518 humanum
1027 1474 1128 1539 genus

120 1563 213 1606 omne
236 1543 450 1626 superaveris,
473 1565 545 1606 cum
569 1543 712 1606 1111111
734 1543 863 1607 nivibus
886 1546 920 1606 et
965 1541 1128 1607 ominibus

119 1629 259 1713 ferisque
282 1631 395 1694 bestiis
419 1634 570 1713 gesturus
589 1653 623 1695 es
646 1630 776 1696 bellum.
813 1629 918 1706 Quid?
941 1634 979 1695 tu
996 1630 1128 1714 ignoras
1149 1648 1181 1696 14

119 1717 250 1781 arbores
286 1736 422 1800 magnas
459 1718 514 1781 diu
550 1738 704 1798 cresccre,
739 1740 804 1782 una
836 1717 919 1783 hora
950 1717 1128 1800 extirpari?

120 1803 245 1868 Stultus
278 1808 342 1884 est,
374 1804 429 1888 qui
460 1804 583 1869 fructus
614 1827 724 1868 earum
753 1809 891 1889 spectat,
923 1804 1128 1868 altitudinem

119 1913 185 1955 non
211 1892 354 1957 metitur.
398 1890 496 1976 Vide,
523 1913 577 1976 ne,
606 1892 682 1957 dum
710 1893 751 1958 ad
778 1913 930 1958 cacumen
961 1892 1128 1975 pervenire

121 1980 304 2059 contendis,
327 2001 399 2045 cum
422 1980 503 2064 ipsis
526 1981 640 2062 ramis,
668 2002 753 2082 quos
772 1981 1053 2064 conprehenderis,
1076 1980 1128 2045 de·

121 2067 217 2132 cidas
219 2067 321 2147 (Leo
340 2090 466 2152 quoque
485 2031 657 2151 aliquando
675 2069 881 2133 minimarum
901 2069 1010 2133 avium
1028 2070 1128 2152 pabu·
1149 2087 1180 2135 15

119 2156 187 2219 lum
205 2136 303 2220 suite
305 2155 459 2220 tferrum
473 2158 589 2242 rubigo
604 2154 798 2249 consumit(
808 2156 901 2222 Nihil
918 2161 985 2222 tam
999 2158 1128 2221 firmum

120 2249 183 2327 est,
210 2245 261 2308 eui
287 2243 466 2327 pericnlum
492 2266 559 2310 non
587 2246 630 2310 sit
657 2245 755 2310 otiam
765 2232 819 2310 ab
847 2246 999 2310 invalido
1045 2245 1129 2321 Quid
1149 2264 1180 2313 le

118 2293 213 2396 nobis
236 2335 351 2397 tecum
367 2333 441 2397 eet?
481 2324 708 2418 Numquamt
710 2355 814 2398 erram
836 2339 927 2399 tuam
951 2337 985 2396 11
985 2333 1128 2418 tigimus.

118 2417 229 2494 Qui
203 2443 262 2505 srs,
284 2420 367 2486 unde
391 2421 515 2500 venias,
542 2422 691 2486 licetne
681 2441 831 2506 1gnorare
854 2421 888 2484 in
910 2421 1012 2486 111111
1037 2420 1126 2484 111111

118 2508 324 2573 viventibus?
368 2507 438 2575 Nec
460 2510 579 2574 servire
607 2510 665 2573 ulli
688 2530 860 2592 possumus
883 2529 941 2572 nec
969 2509 1127 2589 imperare

118 2595 343 2660 desideramus.
392 2595 487 2661 Dona
513 2597 606 2660 nobis
639 2597 715 2660 data
743 2601 844 2678 sunt,·
861 2616 901 2659 111
934 2592 1126 2679 Scytharum
1148 2615 1179 2663 17

119 2687 249 2766 gentem
280 2684 426 2766 ignores,
462 2684 574 2767 iugum
605 2683 704 2747 boum
737 2686 770 2747 et
806 2687 962 2768 aratrum,
998 2684 1128 2767 sagitta,

117 2769 222 2853 hasta,
244 2775 366 2853 patera.
403 2769 464 2834 His
487 2773 607 2834 utimur
631 2774 760 2834 etcum
784 2771 896 2836 amicis
920 2775 952 2835 et
974 2771 1127 2836 adversus

117 2858 274 2922 inimicos.
308 2855 432 2942 Fruges
447 2857 558 2922 amicis
578 2859 691 2924 damus
709 2860 808 2923 boum
826 2858 937 2924 labore
954 2860 1127 2944 quaesitas,
1148 2881 1178 2928 rs

117 2951 231 3029 patera
249 2967 321 3010 eum
343 2945 447 3010 isdem
466 2947 577 3010 vinum
595 2947 644 3012 dis
667 2948 815 3026 libamus,
837 2947 985 3012 inimicos
1007 2949 1128 3032 sagitta

118 3035 255 3117 eminus,
282 3035 379 3100 hasta
406 3035 583 3100 comminus
611 3035 760 3119 petimus.
806 3033 859 3100 Sic
882 3033 995 3120 Syriae
1017 3056 1127 3120 regem

118 3127 150 3185 et
172 3126 288 3205 postea
306 3122 477 3188 Persarum
495 3122 726 3209 Medorumque
750 3124 985 3208 superavimus,
1007 3124 1127 3207 patuit

118 3231 178 3292 que
205 3210 299 3274 nobis
327 3212 390 3276 iter
416 3232 517 3296 usque
546 3212 580 3276 in
607 3210 803 3297 Aegyptum.
853 3212 899 3276 At
925 3216 974 3296 tu,
1008 3212 1063 3295 qui
1094 3216 1179 3282 tere

116 3297 267 3381 gloriaris
300 3299 340 3363 ad
372 3299 421 3364 lat
406 3303 516 3364 trones
551 3299 789 3385 persequendos
821 3300 944 3383 venire,
981 3300 1126 3365 omnium

116 3389 193 3470 gent
193 3386 269 3469 ium,
288 3408 367 3470 quae
387 3386 483 3452 adist
458 3393 493 3471 t1,
517 3389 564 3453 lat
549 3392 601 3453 tro
622 3410 665 3454 es.
701 3387 836 3471 Lydiam
855 3388 976 3473 cepisti,
996 3387 1126 3472 Syriam

115 3475 294 3559 occupasti,
324 3474 490 3541 Persidem
522 3481 628 3562 tenes,
659 3475 852 3541 Bactrianos
878 3476 1018 3540 111111
1008 3499 1053 3537 m
1072 3497 1136 3551 qo·

112 3565 213 3627 testat
180 3567 243 3648 ate,
274 3526 372 3628 indos
401 3565 531 3650 petisti:
563 3567 633 3634 iam
667 3567 772 3634 etiam
804 3565 850 3631 ad
880 3583 1014 3647 pecora
1038 3558 1169 3617 neem
