2422 3892
237 160 492 238 maresuauu
510 161 836 232 cinnamonum.
1022 160 1065 226 35

54 304 142 370 haud
163 305 270 369 minor
292 305 356 369 alia
374 309 457 369 erat:
480 327 589 371 muros
602 309 769 391 turresque
783 304 873 370 urbis
886 306 1066 389 praealtum

55 413 144 456 mare
171 393 347 457 ambiebat:
376 415 444 458 non
469 398 632 458 tormenta
657 395 722 458 nisi
749 415 766 457 e
792 395 929 458 naribus
956 395 1067 477 procul

56 501 191 545 excussa
212 481 307 565 mitti,
327 503 396 545 non
418 482 523 547 scalae
542 483 710 546 moenibus
730 482 883 566 adplicari
901 485 1066 566 poterant:

56 590 209 652 praeceps
238 569 273 632 in
302 571 406 633 salum
434 592 545 634 murus
574 570 721 654 pedestre
750 572 965 653 interceperat
990 571 1065 634 iter:

56 677 153 720 naves
175 677 235 720 nec
256 657 400 722 habebat
420 679 476 721 rex
499 661 541 742 et,
563 658 592 722 si
614 658 818 742 admovisset,
839 658 1015 742 pendentes
1034 661 1067 721 ct

56 744 223 808 instabiles
245 746 420 809 missilibus
444 747 545 810 arceri
565 748 722 829 poterant.
758 746 848 810 Inter
866 768 947 830 quae
966 767 1066 829 parra
1086 765 1119 813 10

57 831 144 896 dictu
170 853 222 896 res
245 833 419 916 Tyriorum
445 834 595 897 fiduciam
623 835 776 899 accendit.
821 832 1066 918 Carthaginien·

56 919 140 985 sium
175 921 277 1005 legati
313 921 354 984 ad
390 921 616 986 celebrandum
652 943 777 985 sacrum
813 922 1066 986 anniversarium

57 1028 146 1072 more
168 1009 275 1091 patrio
297 1012 375 1073 tunc
398 1013 569 1073 venerant:
594 1010 712 1094 quippe
731 1006 960 1094 Carthaginem
974 1010 1066 1093 Tyrii

56 1095 277 1178 condiderunt,
295 1118 421 1179 semper
438 1101 608 1180 parentum
626 1098 697 1162 loco
717 1098 803 1162 culti.
836 1098 970 1161 Hortari
989 1119 1065 1182 ergo
1086 1115 1117 1164 11

56 1182 159 1246 Poeni
185 1187 374 1266 coeperunt,
404 1186 442 1247 ut
468 1185 668 1248 obsidionem
689 1184 767 1249 forti
790 1185 898 1249 animo
920 1189 1067 1268 pateren-

55 1273 127 1334 tur:
163 1270 253 1335 breri
283 1267 479 1355 Carthagine
514 1273 632 1335 auxilia
660 1277 805 1336 ventura.
853 1271 999 1356 Namque
1030 1293 1068 1335 ea

55 1361 249 1441 tempestate
280 1379 400 1442 magna
431 1381 471 1422 ex
501 1363 593 1442 parte
620 1360 749 1424 Punicis
782 1360 938 1424 classibus
966 1360 1068 1423 maria

20 1445 42 1510 9
57 1447 296 1511 obsidebantur.
331 1446 436 1531 Igitur
453 1447 538 1511 bello
557 1446 683 1512 decreto
702 1469 760 1530 per
775 1470 883 1512 muros
898 1451 1066 1531 turresque
1086 1467 1119 1515 12

56 1538 219 1599 tormenta
249 1535 441 1618 disponunt,
476 1556 567 1598 arma
596 1536 775 1600 iunioribus
807 1535 967 1618 dividunt,
999 1536 1066 1618 opi·

56 1622 146 1706 fices,
173 1645 309 1706 quorum
331 1624 424 1706 copia
445 1624 522 1687 urbs
545 1624 744 1707 abundabat,
773 1623 809 1688 in
831 1624 979 1688 officinas
1002 1623 1065 1687 dis·

56 1711 212 1774 tribuunt
248 1708 364 1773 Omnia
386 1710 462 1774 belli
486 1715 644 1793 apparatu
663 1715 824 1795 strepunt:
847 1712 970 1775 ferreae
990 1732 1066 1794 quo-

58 1819 120 1880 que
151 1818 266 1860 manus
294 1833 336 1844 -
362 1797 567 1882 harpagonas
594 1802 775 1864 vocant-
801 1821 881 1881 quas
914 1798 1066 1880 operibus

57 1884 201 1949 hostium
231 1883 401 1969 inicerent,
437 1887 587 1970 corvique
619 1891 652 1950 et
683 1887 747 1950 alia
777 1887 906 1950 tuendis
933 1886 1067 1949 urbibus

57 1973 240 2057 excogitata
270 1975 553 2057 praeparabantur.
599 1972 661 2038 Sed
693 1996 767 2038 cum
793 1974 977 2038 fornacibus
1004 1973 1120 2041 fer-13

55 2083 138 2144 rum,
161 2060 247 2145 quod
270 2062 382 2126 excudi
401 2063 579 2145 oportebat,
601 2063 779 2145 inpositum
798 2066 891 2145 esset,
914 2062 1066 2126 admotis-

57 2170 119 2232 que
150 2148 280 2213 follibus
307 2151 417 2235 ignem
443 2150 522 2213 flatu
554 2151 779 2235 accenderent,
812 2150 979 2234 sanguinis
1006 2150 1067 2213 rivi

57 2237 117 2300 sub
143 2236 223 2320 ipsis
248 2237 386 2301 flammis
413 2239 556 2302 extitisse
583 2239 746 2303 dicuntur:
781 2238 877 2323 idque
907 2260 1003 2302 omen
1030 2238 1066 2300 in

55 2323 268 2389 Macedonum
298 2326 465 2389 interitum
493 2329 659 2391 verterunt
689 2326 787 2410 Tyrii.
836 2326 934 2408 Apud
961 2324 1065 2388 Mace·
1086 2345 1120 2392 14

55 2412 157 2477 donas
180 2434 306 2497 quoque
329 2435 402 2478 cum
424 2414 508 2479 forte
531 2437 649 2497 panem
672 2414 803 2497 quidam
820 2413 960 2476 militum
978 2412 1066 2475 fran-

56 2504 182 2585 gerent,
205 2503 368 2565 manantis
392 2503 559 2587 sanguinis
582 2508 692 2587 guttas
715 2504 919 2582 notaverunt,
941 2500 1067 2561 territo-

56 2610 118 2672 que
148 2609 225 2672 rege
253 2588 458 2674 Aristander,
487 2591 702 2672 peritissimus
734 2591 857 2667 vatum,
890 2587 917 2649 si
949 2586 1067 2648 extrin-

56 2699 149 2741 secus
177 2698 272 2740 cruor
299 2677 456 2760 fluxisset,
491 2676 722 2740 Macedonibus
749 2676 782 2738 id
808 2674 901 2737 111111
924 2673 1068 2737 futurum
1125 2674 1127 2677 ’

54 2766 119 2829 ait:
157 2766 283 2845 contra,
311 2785 383 2827 cum
411 2786 450 2827 ex
475 2764 628 2828 interiore
651 2767 742 2845 parte
766 2762 957 2846 manaverit,
987 2761 1068 2842 urbi,

55 2873 157 2937 quam
178 2851 324 2915 obsidere
347 2851 571 2934 destinassent,
594 2851 726 2915 exitium
740 2849 940 2935 portendere.
969 2847 1120 2918 Alex-15

56 2939 157 3004 ander
182 2961 255 3002 cum
279 2941 312 3002 11
338 2940 473 3003 classem
498 2941 610 3022 procul
638 2939 772 3004 haberet
799 2943 832 3003 et
858 2939 989 3023 longam
1013 2939 1067 3002 ob-

56 3029 215 3094 sidionem
247 3047 365 3112 magno
398 3027 459 3091 sibi
491 3028 532 3091 ad
563 3031 670 3092 cetera
697 3028 916 3110 inpedimento
946 3026 1069 3091 videret

56 3116 135 3201 fore,
156 3116 390 3198 caduceatores,
413 3116 468 3200 qui
491 3116 531 3180 ad
554 3138 666 3200 pacem
686 3138 741 3180 eos
760 3116 987 3198 conpellerent,
1011 3114 1068 3176 mi·

57 3205 113 3268 sit:
149 3226 230 3288 quos
257 3204 346 3288 Tyrii
373 3208 486 3269 contra
511 3205 562 3269 ius
591 3205 735 3289 gentium
763 3204 885 3269 occisos
913 3201 1067 3285 praecipi-

56 3295 208 3357 taverunt
234 3292 270 3356 in
297 3293 407 3355 altum.
456 3292 562 3376 Atque
592 3294 646 3356 ille
677 3314 809 3356 suorum
837 3295 905 3354 tam
934 3290 1069 3373 indigna

10 3381 50 3447 [0
59 3384 164 3445 morte
186 3385 364 3445 commotus
387 3381 500 3446 urbem
523 3381 668 3445 obsidere
691 3381 813 3444 statuit.
849 3377 911 3442 Sed
931 3383 1005 3440 ante
1022 3378 1067 3440 ia·
1091 3398 1121 3446 16

60 3468 174 3532 cienda
195 3469 297 3532 moles
316 3471 393 3550 crat,
417 3490 499 3551 quae
521 3468 699 3532 continenti
717 3468 829 3530 urbem
847 3467 1069 3530 committeret

60 3554 182 3640 Ingens
213 3577 291 3642 ergo
323 3556 438 3620 animis
468 3557 608 3621 militum
639 3555 818 3639 desperatio
846 3554 977 3617 incessit
1003 3573 1068 3615 cer·

873 3657 911 3708 g*
