<?xml version="1.0" encoding="UTF-8"?>
<!DOCTYPE html PUBLIC "-//W3C//DTD XHTML 1.0 Transitional//EN"
    "http://www.w3.org/TR/xhtml1/DTD/xhtml1-transitional.dtd">
<html xmlns="http://www.w3.org/1999/xhtml" xml:lang="en" lang="en">
 <head>
  <title>
</title>
<meta http-equiv="Content-Type" content="text/html;charset=utf-8" />
  <meta name='ocr-system' content='tesseract 3.04.00' />
  <meta name='ocr-capabilities' content='ocr_page ocr_carea ocr_par ocr_line ocrx_word'/>
</head>
<body>
  <div class='ocr_page' id='page_1' title='image "./historiarumalex00rufugoog_0083.png"; bbox 0 0 2422 3892; ppageno 0'>
   <div class='ocr_carea' id='block_1_1' title="bbox 102 157 739 223">
    <p class='ocr_par' dir='ltr' id='par_1_1' title="bbox 102 157 739 223">
     <span class='ocr_line' id='line_1_1' title="bbox 102 157 739 223; baseline 0 -10"><span class='ocrx_word' id='word_1_1' title='bbox 102 159 146 222; x_wconf 87' lang='lat'>46</span> <span class='ocrx_word' id='word_1_2' title='bbox 475 157 506 223; x_wconf 82' lang='lat' dir='ltr'>Q.</span> <span class='ocrx_word' id='word_1_3' title='bbox 526 158 635 213; x_wconf 84' lang='lat' dir='ltr'>CURTI</span> <span class='ocrx_word' id='word_1_4' title='bbox 652 159 739 213; x_wconf 81' lang='lat' dir='ltr'>RUFI</span> 
     </span>
    </p>
   </div>
   <div class='ocr_carea' id='block_1_2' title="bbox 524 370 681 458">
    <p class='ocr_par' dir='ltr' id='par_1_2' title="bbox 524 370 681 458">
     <span class='ocr_line' id='line_1_2' title="bbox 524 370 681 458; baseline -0.006 -21"><span class='ocrx_word' id='word_1_5' title='bbox 524 372 602 458; x_wconf 75' lang='grc'>011.</span> <span class='ocrx_word' id='word_1_6' title='bbox 624 370 681 438; x_wconf 91' lang='lat' dir='ltr'>VI.</span> 
     </span>
    </p>
   </div>
   <div class='ocr_carea' id='block_1_3' title="bbox 23 479 1171 3463">
    <p class='ocr_par' dir='ltr' id='par_1_3' title="bbox 67 479 1166 653">
     <span class='ocr_line' id='line_1_3' title="bbox 67 479 1166 564; baseline -0.003 -16"><span class='ocrx_word' id='word_1_7' title='bbox 67 499 81 548; x_wconf 91' lang='grc'>1</span> <span class='ocrx_word' id='word_1_8' title='bbox 189 479 313 546; x_wconf 90' lang='lat' dir='ltr'>Dareus</span> <span class='ocrx_word' id='word_1_9' title='bbox 336 479 504 563; x_wconf 88' lang='lat' dir='ltr'>desperata</span> <span class='ocrx_word' id='word_1_10' title='bbox 526 501 614 561; x_wconf 86' lang='lat' dir='ltr'>paee,</span> <span class='ocrx_word' id='word_1_11' title='bbox 633 501 729 561; x_wconf 88' lang='lat' dir='ltr'>quam</span> <span class='ocrx_word' id='word_1_12' title='bbox 751 501 810 562; x_wconf 91' lang='lat' dir='ltr'>per</span> <span class='ocrx_word' id='word_1_13' title='bbox 827 479 951 544; x_wconf 74' lang='lat' dir='ltr'>litteras</span> <span class='ocrx_word' id='word_1_14' title='bbox 968 479 1111 564; x_wconf 83' lang='lat' dir='ltr'>legatos·</span> <span class='ocrx_word' id='word_1_15' title='bbox 1122 487 1166 554; x_wconf 81' lang='grc'>25</span> 
     </span>
     <span class='ocr_line' id='line_1_4' title="bbox 101 567 1113 653; baseline -0.001 -19"><span class='ocrx_word' id='word_1_16' title='bbox 101 591 163 653; x_wconf 88' lang='lat' dir='ltr'>que</span> <span class='ocrx_word' id='word_1_17' title='bbox 194 569 351 652; x_wconf 70' lang='lat' dir='ltr'>inpetrari</span> <span class='ocrx_word' id='word_1_18' title='bbox 382 588 477 650; x_wconf 91' lang='lat' dir='ltr'>posse</span> <span class='ocrx_word' id='word_1_19' title='bbox 509 567 699 651; x_wconf 74' lang='lat' dir='ltr'>crediderat,</span> <span class='ocrx_word' id='word_1_20' title='bbox 736 568 776 632; x_wconf 91' lang='lat' dir='ltr'>ad</span> <span class='ocrx_word' id='word_1_21' title='bbox 802 567 998 650; x_wconf 87' lang='lat' dir='ltr'>reparandas</span> <span class='ocrx_word' id='word_1_22' title='bbox 1024 568 1113 633; x_wconf 86' lang='lat' dir='ltr'>vires</span> 
     </span>
    </p>

    <p class='ocr_par' dir='ltr' id='par_1_4' title="bbox 66 653 1113 915">
     <span class='ocr_line' id='line_1_5' title="bbox 66 653 1112 741; baseline -0.004 -17"><span class='ocrx_word' id='word_1_23' title='bbox 66 677 82 725; x_wconf 82' lang='lat'>2</span> <span class='ocrx_word' id='word_1_24' title='bbox 100 658 282 741; x_wconf 91' lang='lat' dir='ltr'>bellumque</span> <span class='ocrx_word' id='word_1_25' title='bbox 306 656 442 739; x_wconf 83' lang='lat' dir='ltr'>impigre</span> <span class='ocrx_word' id='word_1_26' title='bbox 465 655 685 720; x_wconf 88' lang='lat' dir='ltr'>renovandum</span> <span class='ocrx_word' id='word_1_27' title='bbox 705 655 845 719; x_wconf 88' lang='lat' dir='ltr'>intendit</span> <span class='ocrx_word' id='word_1_28' title='bbox 863 656 1015 720; x_wconf 83' lang='lat' dir='ltr'>ammam.</span> <span class='ocrx_word' id='word_1_29' title='bbox 1044 653 1112 720; x_wconf 88' lang='lat' dir='ltr'>Du-</span> 
     </span>
     <span class='ocr_line' id='line_1_6' title="bbox 101 741 1111 829; baseline -0.001 -20"><span class='ocrx_word' id='word_1_30' title='bbox 101 767 153 809; x_wconf 92' lang='lat' dir='ltr'>ces</span> <span class='ocrx_word' id='word_1_31' title='bbox 174 766 251 829; x_wconf 87' lang='lat' dir='ltr'>ergo</span> <span class='ocrx_word' id='word_1_32' title='bbox 271 745 436 828; x_wconf 92' lang='lat' dir='ltr'>copiarum</span> <span class='ocrx_word' id='word_1_33' title='bbox 449 741 665 826; x_wconf 82' lang='lat' dir='ltr'>Babyloniam</span> <span class='ocrx_word' id='word_1_34' title='bbox 679 744 860 827; x_wconf 81' lang='lat' dir='ltr'>convenire,</span> <span class='ocrx_word' id='word_1_35' title='bbox 881 742 1018 808; x_wconf 82' lang='lat' dir='ltr'>Bessum</span> <span class='ocrx_word' id='word_1_36' title='bbox 1031 765 1111 828; x_wconf 91' lang='lat' dir='ltr'>quo-</span> 
     </span>
     <span class='ocr_line' id='line_1_7' title="bbox 101 831 1113 915; baseline 0 -19"><span class='ocrx_word' id='word_1_37' title='bbox 101 855 176 915; x_wconf 88' lang='lat' dir='ltr'>que,</span> <span class='ocrx_word' id='word_1_38' title='bbox 207 832 453 897; x_wconf 74' lang='lat' dir='ltr'>Bactrianorum</span> <span class='ocrx_word' id='word_1_39' title='bbox 483 835 677 915; x_wconf 75' lang='lat' dir='ltr'>praetorem,</span> <span class='ocrx_word' id='word_1_40' title='bbox 709 853 806 914; x_wconf 90' lang='lat' dir='ltr'>quam</span> <span class='ocrx_word' id='word_1_41' title='bbox 832 831 972 895; x_wconf 86' lang='lat' dir='ltr'>maximo</span> <span class='ocrx_word' id='word_1_42' title='bbox 999 835 1113 915; x_wconf 86' lang='lat' dir='ltr'>posset</span> 
     </span>
    </p>

    <p class='ocr_par' dir='ltr' id='par_1_5' title="bbox 65 917 1171 1270">
     <span class='ocr_line' id='line_1_8' title="bbox 65 917 1112 1001; baseline -0.002 -15"><span class='ocrx_word' id='word_1_43' title='bbox 65 941 82 988; x_wconf 90' lang='grc'>1</span> <span class='ocrx_word' id='word_1_44' title='bbox 101 920 241 984; x_wconf 91' lang='lat' dir='ltr'>exercitu</span> <span class='ocrx_word' id='word_1_45' title='bbox 264 924 388 1001; x_wconf 87' lang='lat' dir='ltr'>coacto,</span> <span class='ocrx_word' id='word_1_46' title='bbox 418 920 607 984; x_wconf 90' lang='lat' dir='ltr'>descendere</span> <span class='ocrx_word' id='word_1_47' title='bbox 635 919 676 983; x_wconf 92' lang='lat' dir='ltr'>ad</span> <span class='ocrx_word' id='word_1_48' title='bbox 698 941 732 983; x_wconf 94' lang='grc'>11</span> <span class='ocrx_word' id='word_1_49' title='bbox 754 919 852 983; x_wconf 82' lang='lat' dir='ltr'>iubet</span> <span class='ocrx_word' id='word_1_50' title='bbox 898 917 980 984; x_wconf 81' lang='lat' dir='ltr'>Sunt</span> <span class='ocrx_word' id='word_1_51' title='bbox 1002 922 1112 984; x_wconf 87' lang='lat' dir='ltr'>autem</span> 
     </span>
     <span class='ocr_line' id='line_1_9' title="bbox 100 1006 1111 1092; baseline 0 -21"><span class='ocrx_word' id='word_1_52' title='bbox 100 1007 266 1072; x_wconf 82' lang='lat' dir='ltr'>Bactriani</span> <span class='ocrx_word' id='word_1_53' title='bbox 288 1009 373 1071; x_wconf 90' lang='lat' dir='ltr'>inter</span> <span class='ocrx_word' id='word_1_54' title='bbox 395 1008 466 1071; x_wconf 90' lang='lat' dir='ltr'>illas</span> <span class='ocrx_word' id='word_1_55' title='bbox 490 1011 603 1092; x_wconf 85' lang='lat' dir='ltr'>gentes</span> <span class='ocrx_word' id='word_1_56' title='bbox 626 1007 872 1091; x_wconf 88' lang='lat' dir='ltr'>promptissimi,</span> <span class='ocrx_word' id='word_1_57' title='bbox 899 1006 1039 1070; x_wconf 88' lang='lat' dir='ltr'>horridis</span> <span class='ocrx_word' id='word_1_58' title='bbox 1061 1007 1111 1071; x_wconf 90' lang='lat' dir='ltr'>in·</span> 
     </span>
     <span class='ocr_line' id='line_1_10' title="bbox 101 1095 1112 1180; baseline -0.001 -20"><span class='ocrx_word' id='word_1_59' title='bbox 101 1096 204 1180; x_wconf 90' lang='lat' dir='ltr'>geniis</span> <span class='ocrx_word' id='word_1_60' title='bbox 226 1098 426 1180; x_wconf 88' lang='lat' dir='ltr'>multumque</span> <span class='ocrx_word' id='word_1_61' title='bbox 448 1118 467 1159; x_wconf 93' lang='lat' dir='ltr'>a</span> <span class='ocrx_word' id='word_1_62' title='bbox 484 1095 654 1159; x_wconf 89' lang='lat' dir='ltr'>Persarum</span> <span class='ocrx_word' id='word_1_63' title='bbox 673 1096 751 1159; x_wconf 91' lang='lat' dir='ltr'>luxu</span> <span class='ocrx_word' id='word_1_64' title='bbox 770 1095 1032 1160; x_wconf 83' lang='lat' dir='ltr'>abhorrentibus.</span> <span class='ocrx_word' id='word_1_65' title='bbox 1056 1095 1112 1159; x_wconf 88' lang='lat' dir='ltr'>siti</span> 
     </span>
     <span class='ocr_line' id='line_1_11' title="bbox 100 1183 1171 1270; baseline 0 -22"><span class='ocrx_word' id='word_1_66' title='bbox 100 1184 187 1248; x_wconf 92' lang='lat' dir='ltr'>haud</span> <span class='ocrx_word' id='word_1_67' title='bbox 213 1187 326 1270; x_wconf 91' lang='lat' dir='ltr'>procul</span> <span class='ocrx_word' id='word_1_68' title='bbox 349 1183 537 1268; x_wconf 83' lang='lat' dir='ltr'>Scytharum</span> <span class='ocrx_word' id='word_1_69' title='bbox 563 1184 806 1247; x_wconf 89' lang='lat' dir='ltr'>belhcosissima</span> <span class='ocrx_word' id='word_1_70' title='bbox 833 1185 928 1267; x_wconf 90' lang='lat' dir='ltr'>gente</span> <span class='ocrx_word' id='word_1_71' title='bbox 956 1186 989 1246; x_wconf 91' lang='lat' dir='ltr'>et</span> <span class='ocrx_word' id='word_1_72' title='bbox 1014 1186 1111 1267; x_wconf 89' lang='lat' dir='ltr'>rapto</span> <span class='ocrx_word' id='word_1_73' title='bbox 1167 1192 1171 1198; x_wconf 84' lang='grc'><strong>’</strong></span> 
     </span>
    </p>

    <p class='ocr_par' dir='ltr' id='par_1_6' title="bbox 65 1268 1111 1687">
     <span class='ocr_line' id='line_1_12' title="bbox 65 1268 1110 1355; baseline -0.004 -17"><span class='ocrx_word' id='word_1_74' title='bbox 65 1273 207 1338; x_wconf 65' lang='lat' dir='ltr'>trivere</span> <span class='ocrx_word' id='word_1_75' title='bbox 239 1273 352 1338; x_wconf 90' lang='lat' dir='ltr'>adsuet</span> <span class='ocrx_word' id='word_1_76' title='bbox 338 1277 373 1336; x_wconf 89' lang='grc'>11</span> <span class='ocrx_word' id='word_1_77' title='bbox 404 1293 532 1355; x_wconf 84' lang='lat' dir='ltr'>semper</span> <span class='ocrx_word' id='word_1_78' title='bbox 558 1271 594 1335; x_wconf 91' lang='lat' dir='ltr'>in</span> <span class='ocrx_word' id='word_1_79' title='bbox 625 1272 723 1335; x_wconf 87' lang='lat' dir='ltr'>armis</span> <span class='ocrx_word' id='word_1_80' title='bbox 756 1275 857 1335; x_wconf 88' lang='lat' dir='ltr'>erant.</span> <span class='ocrx_word' id='word_1_81' title='bbox 903 1268 965 1334; x_wconf 84' lang='lat' dir='ltr'>Sed</span> <span class='ocrx_word' id='word_1_82' title='bbox 991 1269 1110 1334; x_wconf 86' lang='lat' dir='ltr'>Bessus</span> 
     </span>
     <span class='ocr_line' id='line_1_13' title="bbox 101 1358 1110 1443; baseline -0.001 -19"><span class='ocrx_word' id='word_1_83' title='bbox 101 1365 251 1443; x_wconf 90' lang='lat' dir='ltr'>suspecta</span> <span class='ocrx_word' id='word_1_84' title='bbox 272 1361 406 1443; x_wconf 89' lang='lat' dir='ltr'>perfidia</span> <span class='ocrx_word' id='word_1_85' title='bbox 428 1359 515 1423; x_wconf 93' lang='lat' dir='ltr'>haud</span> <span class='ocrx_word' id='word_1_86' title='bbox 538 1381 616 1423; x_wconf 89' lang='lat' dir='ltr'>sane</span> <span class='ocrx_word' id='word_1_87' title='bbox 639 1381 741 1442; x_wconf 89' lang='lat' dir='ltr'>aequo</span> <span class='ocrx_word' id='word_1_88' title='bbox 766 1359 873 1422; x_wconf 86' lang='lat' dir='ltr'>animo</span> <span class='ocrx_word' id='word_1_89' title='bbox 905 1359 941 1421; x_wconf 89' lang='lat' dir='ltr'>in</span> <span class='ocrx_word' id='word_1_90' title='bbox 970 1358 1110 1423; x_wconf 81' lang='lat' dir='ltr'>secundo</span> 
     </span>
     <span class='ocr_line' id='line_1_14' title="bbox 101 1445 1111 1531; baseline 0 -21"><span class='ocrx_word' id='word_1_91' title='bbox 101 1469 135 1510; x_wconf 98' lang='grc'>11</span> <span class='ocrx_word' id='word_1_92' title='bbox 158 1450 326 1512; x_wconf 87' lang='lat' dir='ltr'>continens</span> <span class='ocrx_word' id='word_1_93' title='bbox 350 1446 452 1531; x_wconf 90' lang='lat' dir='ltr'>gradu</span> <span class='ocrx_word' id='word_1_94' title='bbox 479 1467 588 1530; x_wconf 89' lang='lat' dir='ltr'>regem</span> <span class='ocrx_word' id='word_1_95' title='bbox 609 1445 766 1510; x_wconf 86' lang='lat' dir='ltr'>terrebat:</span> <span class='ocrx_word' id='word_1_96' title='bbox 788 1468 866 1510; x_wconf 90' lang='grc'>111111</span> <span class='ocrx_word' id='word_1_97' title='bbox 884 1468 956 1510; x_wconf 90' lang='lat' dir='ltr'>cum</span> <span class='ocrx_word' id='word_1_98' title='bbox 973 1467 1111 1531; x_wconf 89' lang='lat' dir='ltr'>regnum</span> 
     </span>
     <span class='ocr_line' id='line_1_15' title="bbox 100 1529 1111 1618; baseline 0.001 -21"><span class='ocrx_word' id='word_1_99' title='bbox 100 1534 206 1598; x_wconf 83' lang='lat' dir='ltr'>adfect</span> <span class='ocrx_word' id='word_1_100' title='bbox 192 1539 289 1618; x_wconf 89' lang='grc'>11111,</span> <span class='ocrx_word' id='word_1_101' title='bbox 320 1534 475 1618; x_wconf 92' lang='lat' dir='ltr'>proditio,</span> <span class='ocrx_word' id='word_1_102' title='bbox 507 1554 570 1616; x_wconf 90' lang='lat' dir='ltr'>qua</span> <span class='ocrx_word' id='word_1_103' title='bbox 598 1529 667 1598; x_wconf 89' lang='grc'>1011</span> <span class='ocrx_word' id='word_1_104' title='bbox 689 1534 722 1597; x_wconf 92' lang='lat' dir='ltr'>id</span> <span class='ocrx_word' id='word_1_105' title='bbox 746 1534 879 1617; x_wconf 88' lang='lat' dir='ltr'>adsequi</span> <span class='ocrx_word' id='word_1_106' title='bbox 900 1537 1041 1618; x_wconf 88' lang='lat' dir='ltr'>poterat,</span> <span class='ocrx_word' id='word_1_107' title='bbox 1070 1534 1111 1598; x_wconf 89' lang='grc'>11-</span> 
     </span>
     <span class='ocr_line' id='line_1_16' title="bbox 100 1624 255 1687; baseline -0.007 -1"><span class='ocrx_word' id='word_1_108' title='bbox 100 1624 208 1687; x_wconf 88' lang='lat' dir='ltr'>mebat</span> <span class='ocrx_word' id='word_1_109' title='bbox 209 1644 255 1686; x_wconf 90' lang='lat' dir='ltr'>ur.</span> 
     </span>
    </p>

    <p class='ocr_par' dir='ltr' id='par_1_7' title="bbox 66 1708 1113 1970">
     <span class='ocr_line' id='line_1_17' title="bbox 66 1708 1111 1794; baseline -0.003 -17"><span class='ocrx_word' id='word_1_110' title='bbox 66 1727 82 1777; x_wconf 79' lang='grc'>1</span> <span class='ocrx_word' id='word_1_111' title='bbox 191 1709 339 1776; x_wconf 80' lang='lat' dir='ltr'>Ceterum</span> <span class='ocrx_word' id='word_1_112' title='bbox 366 1708 561 1790; x_wconf 80' lang='lat' dir='ltr'>Alexander,</span> <span class='ocrx_word' id='word_1_113' title='bbox 592 1731 688 1792; x_wconf 89' lang='lat' dir='ltr'>quam</span> <span class='ocrx_word' id='word_1_114' title='bbox 714 1710 880 1794; x_wconf 83' lang='lat' dir='ltr'>regionem</span> <span class='ocrx_word' id='word_1_115' title='bbox 902 1709 1027 1774; x_wconf 88' lang='lat' dir='ltr'>Dareus</span> <span class='ocrx_word' id='word_1_116' title='bbox 1055 1732 1111 1794; x_wconf 91' lang='lat' dir='ltr'>pe-</span> 
     </span>
     <span class='ocr_line' id='line_1_18' title="bbox 100 1797 1112 1882; baseline 0 -20"><span class='ocrx_word' id='word_1_117' title='bbox 100 1798 207 1882; x_wconf 86' lang='lat' dir='ltr'>tisset,</span> <span class='ocrx_word' id='word_1_118' title='bbox 243 1800 331 1864; x_wconf 91' lang='lat' dir='ltr'>omni</span> <span class='ocrx_word' id='word_1_119' title='bbox 368 1819 443 1872; x_wconf 85' lang='lat' dir='ltr'>eura</span> <span class='ocrx_word' id='word_1_120' title='bbox 478 1797 658 1880; x_wconf 83' lang='lat' dir='ltr'>vestigans,</span> <span class='ocrx_word' id='word_1_121' title='bbox 698 1801 807 1862; x_wconf 90' lang='lat' dir='ltr'>tamen</span> <span class='ocrx_word' id='word_1_122' title='bbox 841 1799 1007 1881; x_wconf 87' lang='lat' dir='ltr'>explorare</span> <span class='ocrx_word' id='word_1_123' title='bbox 1042 1819 1112 1863; x_wconf 92' lang='grc'>11011</span> 
     </span>
     <span class='ocr_line' id='line_1_19' title="bbox 101 1884 1113 1970; baseline -0.001 -19"><span class='ocrx_word' id='word_1_124' title='bbox 101 1891 228 1970; x_wconf 89' lang='lat' dir='ltr'>poterat</span> <span class='ocrx_word' id='word_1_125' title='bbox 259 1908 348 1951; x_wconf 91' lang='lat' dir='ltr'>more</span> <span class='ocrx_word' id='word_1_126' title='bbox 381 1885 519 1969; x_wconf 92' lang='lat' dir='ltr'>quodam</span> <span class='ocrx_word' id='word_1_127' title='bbox 547 1884 718 1950; x_wconf 89' lang='lat' dir='ltr'>Persarum</span> <span class='ocrx_word' id='word_1_128' title='bbox 746 1907 863 1950; x_wconf 87' lang='lat' dir='ltr'>arcana</span> <span class='ocrx_word' id='word_1_129' title='bbox 889 1907 1002 1970; x_wconf 86' lang='lat' dir='ltr'>regum</span> <span class='ocrx_word' id='word_1_130' title='bbox 1028 1886 1113 1950; x_wconf 88' lang='lat' dir='ltr'>mira</span> 
     </span>
    </p>

    <p class='ocr_par' dir='ltr' id='par_1_8' title="bbox 66 1971 1152 2410">
     <span class='ocr_line' id='line_1_20' title="bbox 66 1971 1113 2058; baseline -0.002 -19"><span class='ocrx_word' id='word_1_131' title='bbox 66 1976 207 2041; x_wconf 85' lang='lat' dir='ltr'>ocelant</span> <span class='ocrx_word' id='word_1_132' title='bbox 193 1975 273 2037; x_wconf 90' lang='lat' dir='ltr'>tium</span> <span class='ocrx_word' id='word_1_133' title='bbox 306 1975 377 2037; x_wconf 90' lang='lat' dir='ltr'>fide.</span> <span class='ocrx_word' id='word_1_134' title='bbox 421 1971 498 2036; x_wconf 88' lang='lat' dir='ltr'>Non</span> <span class='ocrx_word' id='word_1_135' title='bbox 524 1976 643 2056; x_wconf 91' lang='lat' dir='ltr'>metus,</span> <span class='ocrx_word' id='word_1_136' title='bbox 676 1995 743 2037; x_wconf 91' lang='lat' dir='ltr'>non</span> <span class='ocrx_word' id='word_1_137' title='bbox 771 1971 843 2056; x_wconf 88' lang='lat' dir='ltr'>spes</span> <span class='ocrx_word' id='word_1_138' title='bbox 876 1975 962 2038; x_wconf 88' lang='lat' dir='ltr'>elicit</span> <span class='ocrx_word' id='word_1_139' title='bbox 990 1995 1113 2058; x_wconf 89' lang='grc'>1011111,</span> 
     </span>
     <span class='ocr_line' id='line_1_21' title="bbox 102 2059 1111 2212; baseline 0.002 -88"><span class='ocrx_word' id='word_1_140' title='bbox 102 2084 166 2145; x_wconf 91' lang='lat' dir='ltr'>qua</span> <span class='ocrx_word' id='word_1_141' title='bbox 188 2062 365 2212; x_wconf 81' lang='lat' dir='ltr'>prodantur</span> <span class='ocrx_word' id='word_1_142' title='bbox 388 2060 522 2124; x_wconf 86' lang='lat' dir='ltr'>occulta.</span> <span class='ocrx_word' id='word_1_143' title='bbox 565 2059 630 2124; x_wconf 90' lang='lat' dir='ltr'>Vet</span> <span class='ocrx_word' id='word_1_144' title='bbox 616 2065 668 2125; x_wconf 91' lang='lat' dir='ltr'>tus</span> <span class='ocrx_word' id='word_1_145' title='bbox 692 2062 858 2145; x_wconf 89' lang='lat' dir='ltr'>disciplina</span> <span class='ocrx_word' id='word_1_146' title='bbox 880 2082 993 2162; x_wconf 82' lang='lat' dir='ltr'>regum</span> <span class='ocrx_word' id='word_1_147' title='bbox 1016 2061 1111 2127; x_wconf 88' lang='lat' dir='ltr'>silen-</span> 
     </span>
     <span class='ocr_line' id='line_1_22' title="bbox 100 2142 1152 2252; baseline 0.001 -40"><span class='ocrx_word' id='word_1_148' title='bbox 100 2151 183 2212; x_wconf 91' lang='lat' dir='ltr'>tium</span> <span class='ocrx_word' id='word_1_149' title='bbox 209 2150 295 2213; x_wconf 87' lang='grc'>11111</span> <span class='ocrx_word' id='word_1_150' title='bbox 322 2149 464 2232; x_wconf 90' lang='lat' dir='ltr'>periculo</span> <span class='ocrx_word' id='word_1_151' title='bbox 492 2154 655 2213; x_wconf 88' lang='lat' dir='ltr'>sanxerat:</span> <span class='ocrx_word' id='word_1_152' title='bbox 687 2150 799 2234; x_wconf 90' lang='lat' dir='ltr'>lingua</span> <span class='ocrx_word' id='word_1_153' title='bbox 822 2151 951 2234; x_wconf 84' lang='lat' dir='ltr'>gravius</span> <span class='ocrx_word' id='word_1_154' title='bbox 974 2149 1112 2252; x_wconf 85' lang='lat' dir='ltr'>castiga·</span> <span class='ocrx_word' id='word_1_155' title='bbox 1149 2142 1152 2150; x_wconf 72' lang='grc'><strong>’</strong></span> 
     </span>
     <span class='ocr_line' id='line_1_23' title="bbox 100 2237 1112 2338; baseline 0.002 -38"><span class='ocrx_word' id='word_1_156' title='bbox 100 2241 168 2320; x_wconf 86' lang='lat' dir='ltr'>tur,</span> <span class='ocrx_word' id='word_1_157' title='bbox 200 2259 295 2320; x_wconf 91' lang='lat' dir='ltr'>quam</span> <span class='ocrx_word' id='word_1_158' title='bbox 323 2238 425 2300; x_wconf 92' lang='lat' dir='ltr'>ullum</span> <span class='ocrx_word' id='word_1_159' title='bbox 453 2237 619 2320; x_wconf 90' lang='lat' dir='ltr'>probrum,</span> <span class='ocrx_word' id='word_1_160' title='bbox 647 2259 706 2302; x_wconf 91' lang='lat' dir='ltr'>nec</span> <span class='ocrx_word' id='word_1_161' title='bbox 732 2259 885 2338; x_wconf 79' lang='lat' dir='ltr'>magnam</span> <span class='ocrx_word' id='word_1_162' title='bbox 911 2259 979 2301; x_wconf 90' lang='lat' dir='ltr'>rem</span> <span class='ocrx_word' id='word_1_163' title='bbox 1005 2239 1112 2323; x_wconf 89' lang='lat' dir='ltr'>magis</span> 
     </span>
     <span class='ocr_line' id='line_1_24' title="bbox 102 2288 1113 2410; baseline 0.002 -22"><span class='ocrx_word' id='word_1_164' title='bbox 102 2288 253 2389; x_wconf 91' lang='lat' dir='ltr'>sustineri</span> <span class='ocrx_word' id='word_1_165' title='bbox 284 2347 379 2408; x_wconf 88' lang='lat' dir='ltr'>posse</span> <span class='ocrx_word' id='word_1_166' title='bbox 411 2324 545 2388; x_wconf 91' lang='lat' dir='ltr'>credunt</span> <span class='ocrx_word' id='word_1_167' title='bbox 531 2326 615 2389; x_wconf 89' lang='lat' dir='ltr'>tab</span> <span class='ocrx_word' id='word_1_168' title='bbox 644 2347 695 2408; x_wconf 88' lang='grc'>10,</span> <span class='ocrx_word' id='word_1_169' title='bbox 727 2326 778 2388; x_wconf 92' lang='lat' dir='ltr'>cui</span> <span class='ocrx_word' id='word_1_170' title='bbox 804 2329 910 2389; x_wconf 90' lang='lat' dir='ltr'>tacere</span> <span class='ocrx_word' id='word_1_171' title='bbox 938 2346 1037 2410; x_wconf 79' lang='lat' dir='ltr'>grave</span> <span class='ocrx_word' id='word_1_172' title='bbox 1060 2327 1113 2410; x_wconf 86' lang='lat' dir='ltr'>sit,</span> 
     </span>
    </p>

    <p class='ocr_par' dir='ltr' id='par_1_9' title="bbox 67 2376 1167 2762">
     <span class='ocr_line' id='line_1_25' title="bbox 67 2376 1167 2497; baseline 0.005 -19"><span class='ocrx_word' id='word_1_173' title='bbox 67 2415 189 2497; x_wconf 72' lang='lat' dir='ltr'>rquod</span> <span class='ocrx_word' id='word_1_174' title='bbox 223 2413 348 2477; x_wconf 90' lang='lat' dir='ltr'>homini</span> <span class='ocrx_word' id='word_1_175' title='bbox 381 2413 569 2477; x_wconf 87' lang='lat' dir='ltr'>facillimum</span> <span class='ocrx_word' id='word_1_176' title='bbox 604 2414 742 2478; x_wconf 85' lang='lat' dir='ltr'>voluerit</span> <span class='ocrx_word' id='word_1_177' title='bbox 776 2435 846 2477; x_wconf 90' lang='lat' dir='ltr'>esse</span> <span class='ocrx_word' id='word_1_178' title='bbox 882 2417 1007 2478; x_wconf 86' lang='lat' dir='ltr'>natura.</span> <span class='ocrx_word' id='word_1_179' title='bbox 1061 2376 1113 2479; x_wconf 84' lang='lat' dir='ltr'>Oli</span> <span class='ocrx_word' id='word_1_180' title='bbox 1122 2417 1167 2483; x_wconf 80' lang='lat'>26</span> 
     </span>
     <span class='ocr_line' id='line_1_26' title="bbox 100 2501 1113 2586; baseline 0.001 -21"><span class='ocrx_word' id='word_1_181' title='bbox 100 2502 185 2566; x_wconf 91' lang='lat' dir='ltr'>hanc</span> <span class='ocrx_word' id='word_1_182' title='bbox 214 2524 344 2567; x_wconf 92' lang='lat' dir='ltr'>causam</span> <span class='ocrx_word' id='word_1_183' title='bbox 366 2502 548 2565; x_wconf 88' lang='lat' dir='ltr'>Alexander</span> <span class='ocrx_word' id='word_1_184' title='bbox 575 2503 732 2585; x_wconf 89' lang='lat' dir='ltr'>omnium,</span> <span class='ocrx_word' id='word_1_185' title='bbox 764 2523 846 2584; x_wconf 90' lang='lat' dir='ltr'>quae</span> <span class='ocrx_word' id='word_1_186' title='bbox 876 2502 961 2586; x_wconf 91' lang='lat' dir='ltr'>apud</span> <span class='ocrx_word' id='word_1_187' title='bbox 983 2501 1113 2566; x_wconf 90' lang='lat' dir='ltr'>hostem</span> 
     </span>
     <span class='ocr_line' id='line_1_27' title="bbox 101 2588 1114 2676; baseline 0 -22"><span class='ocrx_word' id='word_1_188' title='bbox 101 2596 297 2676; x_wconf 90' lang='lat' dir='ltr'>gererentur,</span> <span class='ocrx_word' id='word_1_189' title='bbox 319 2592 452 2675; x_wconf 90' lang='lat' dir='ltr'>ignarus</span> <span class='ocrx_word' id='word_1_190' title='bbox 475 2590 588 2653; x_wconf 91' lang='lat' dir='ltr'>urbem</span> <span class='ocrx_word' id='word_1_191' title='bbox 610 2588 728 2653; x_wconf 86' lang='lat' dir='ltr'>Gazam</span> <span class='ocrx_word' id='word_1_192' title='bbox 751 2589 928 2654; x_wconf 86' lang='lat' dir='ltr'>obsidebat.</span> <span class='ocrx_word' id='word_1_193' title='bbox 958 2589 1114 2654; x_wconf 87' lang='lat' dir='ltr'>Praeerat</span> 
     </span>
     <span class='ocr_line' id='line_1_28' title="bbox 101 2677 1112 2762; baseline 0 -20"><span class='ocrx_word' id='word_1_194' title='bbox 101 2681 172 2743; x_wconf 89' lang='lat' dir='ltr'>urbi</span> <span class='ocrx_word' id='word_1_195' title='bbox 195 2678 300 2761; x_wconf 87' lang='lat' dir='ltr'>Betis,</span> <span class='ocrx_word' id='word_1_196' title='bbox 332 2678 467 2742; x_wconf 87' lang='lat' dir='ltr'>eximiae</span> <span class='ocrx_word' id='word_1_197' title='bbox 494 2678 529 2741; x_wconf 93' lang='lat' dir='ltr'>in</span> <span class='ocrx_word' id='word_1_198' title='bbox 557 2699 666 2762; x_wconf 92' lang='lat' dir='ltr'>regem</span> <span class='ocrx_word' id='word_1_199' title='bbox 690 2699 782 2741; x_wconf 90' lang='lat' dir='ltr'>suum</span> <span class='ocrx_word' id='word_1_200' title='bbox 804 2677 892 2761; x_wconf 90' lang='lat' dir='ltr'>fidei,</span> <span class='ocrx_word' id='word_1_201' title='bbox 921 2677 1112 2760; x_wconf 89' lang='lat' dir='ltr'>modicoque</span> 
     </span>
    </p>

    <p class='ocr_par' dir='ltr' id='par_1_10' title="bbox 66 2764 1112 3113">
     <span class='ocr_line' id='line_1_29' title="bbox 66 2764 1112 2850; baseline 0 -20"><span class='ocrx_word' id='word_1_202' title='bbox 66 2768 260 2848; x_wconf 82' lang='lat' dir='ltr'>epraesidio</span> <span class='ocrx_word' id='word_1_203' title='bbox 289 2789 399 2831; x_wconf 90' lang='lat' dir='ltr'>muros</span> <span class='ocrx_word' id='word_1_204' title='bbox 426 2766 568 2850; x_wconf 86' lang='lat' dir='ltr'>ingentis</span> <span class='ocrx_word' id='word_1_205' title='bbox 595 2766 701 2850; x_wconf 91' lang='lat' dir='ltr'>operis</span> <span class='ocrx_word' id='word_1_206' title='bbox 724 2766 885 2830; x_wconf 89' lang='lat' dir='ltr'>tuebatur.</span> <span class='ocrx_word' id='word_1_207' title='bbox 929 2764 1112 2830; x_wconf 86' lang='lat' dir='ltr'>Alexander</span> 
     </span>
     <span class='ocr_line' id='line_1_30' title="bbox 101 2853 1112 2938; baseline 0.002 -22"><span class='ocrx_word' id='word_1_208' title='bbox 101 2855 269 2918; x_wconf 90' lang='lat' dir='ltr'>aestimato</span> <span class='ocrx_word' id='word_1_209' title='bbox 297 2854 441 2917; x_wconf 87' lang='lat' dir='ltr'>locorum</span> <span class='ocrx_word' id='word_1_210' title='bbox 469 2855 533 2917; x_wconf 92' lang='lat' dir='ltr'>situ</span> <span class='ocrx_word' id='word_1_211' title='bbox 560 2854 614 2938; x_wconf 90' lang='lat' dir='ltr'>agi</span> <span class='ocrx_word' id='word_1_212' title='bbox 641 2853 805 2918; x_wconf 86' lang='lat' dir='ltr'>cuniculos</span> <span class='ocrx_word' id='word_1_213' title='bbox 826 2853 933 2936; x_wconf 89' lang='lat' dir='ltr'>iussit,</span> <span class='ocrx_word' id='word_1_214' title='bbox 962 2853 1050 2917; x_wconf 83' lang='lat' dir='ltr'>facili</span> <span class='ocrx_word' id='word_1_215' title='bbox 1073 2874 1112 2918; x_wconf 90' lang='lat' dir='ltr'>ac</span> 
     </span>
     <span class='ocr_line' id='line_1_31' title="bbox 100 2940 1112 3026; baseline 0 -21"><span class='ocrx_word' id='word_1_216' title='bbox 100 2942 163 3005; x_wconf 90' lang='lat' dir='ltr'>levi</span> <span class='ocrx_word' id='word_1_217' title='bbox 190 2940 288 3005; x_wconf 92' lang='lat' dir='ltr'>humo</span> <span class='ocrx_word' id='word_1_218' title='bbox 314 2944 501 3023; x_wconf 89' lang='lat' dir='ltr'>acceptante</span> <span class='ocrx_word' id='word_1_219' title='bbox 524 2942 685 3005; x_wconf 89' lang='lat' dir='ltr'>occultum</span> <span class='ocrx_word' id='word_1_220' title='bbox 708 2962 802 3026; x_wconf 88' lang='lat' dir='ltr'>opus:</span> <span class='ocrx_word' id='word_1_221' title='bbox 834 2943 952 3024; x_wconf 93' lang='lat' dir='ltr'>quippe</span> <span class='ocrx_word' id='word_1_222' title='bbox 974 2942 1112 3005; x_wconf 86' lang='lat' dir='ltr'>multam</span> 
     </span>
     <span class='ocr_line' id='line_1_32' title="bbox 100 3029 1111 3113; baseline 0 -20"><span class='ocrx_word' id='word_1_223' title='bbox 100 3030 255 3093; x_wconf 91' lang='lat' dir='ltr'>harenam</span> <span class='ocrx_word' id='word_1_224' title='bbox 290 3029 432 3092; x_wconf 82' lang='lat' dir='ltr'>vicinum</span> <span class='ocrx_word' id='word_1_225' title='bbox 464 3050 551 3091; x_wconf 90' lang='lat' dir='ltr'>mare</span> <span class='ocrx_word' id='word_1_226' title='bbox 583 3030 715 3113; x_wconf 84' lang='lat' dir='ltr'>evomit,</span> <span class='ocrx_word' id='word_1_227' title='bbox 750 3051 809 3093; x_wconf 90' lang='lat' dir='ltr'>nec</span> <span class='ocrx_word' id='word_1_228' title='bbox 842 3051 919 3093; x_wconf 88' lang='lat' dir='ltr'>saxa</span> <span class='ocrx_word' id='word_1_229' title='bbox 950 3033 1111 3113; x_wconf 88' lang='lat' dir='ltr'>cotesque,</span> 
     </span>
    </p>

    <p class='ocr_par' dir='ltr' id='par_1_11' title="bbox 23 3116 1152 3463">
     <span class='ocr_line' id='line_1_33' title="bbox 66 3116 1152 3202; baseline -0.002 -20"><span class='ocrx_word' id='word_1_230' title='bbox 66 3134 183 3202; x_wconf 83' lang='lat' dir='ltr'>equae</span> <span class='ocrx_word' id='word_1_231' title='bbox 206 3117 412 3199; x_wconf 90' lang='lat' dir='ltr'>interpellent</span> <span class='ocrx_word' id='word_1_232' title='bbox 435 3137 561 3198; x_wconf 87' lang='lat' dir='ltr'>specus,</span> <span class='ocrx_word' id='word_1_233' title='bbox 585 3116 724 3181; x_wconf 90' lang='lat' dir='ltr'>obstant.</span> <span class='ocrx_word' id='word_1_234' title='bbox 759 3118 864 3202; x_wconf 90' lang='lat' dir='ltr'>Igitur</span> <span class='ocrx_word' id='word_1_235' title='bbox 885 3118 926 3181; x_wconf 88' lang='lat' dir='ltr'>ab</span> <span class='ocrx_word' id='word_1_236' title='bbox 950 3139 988 3181; x_wconf 90' lang='grc'>11</span> <span class='ocrx_word' id='word_1_237' title='bbox 1010 3121 1112 3201; x_wconf 89' lang='lat' dir='ltr'>parte,</span> <span class='ocrx_word' id='word_1_238' title='bbox 1148 3149 1152 3156; x_wconf 95' lang='lat'>·</span> 
     </span>
     <span class='ocr_line' id='line_1_34' title="bbox 101 3203 1112 3290; baseline 0 -22"><span class='ocrx_word' id='word_1_239' title='bbox 101 3229 198 3290; x_wconf 92' lang='lat' dir='ltr'>quam</span> <span class='ocrx_word' id='word_1_240' title='bbox 230 3204 383 3288; x_wconf 89' lang='lat' dir='ltr'>oppidani</span> <span class='ocrx_word' id='word_1_241' title='bbox 414 3203 599 3286; x_wconf 89' lang='lat' dir='ltr'>conspicere</span> <span class='ocrx_word' id='word_1_242' title='bbox 627 3226 696 3268; x_wconf 92' lang='lat' dir='ltr'>non</span> <span class='ocrx_word' id='word_1_243' title='bbox 722 3209 867 3289; x_wconf 87' lang='lat' dir='ltr'>possent,</span> <span class='ocrx_word' id='word_1_244' title='bbox 899 3227 980 3287; x_wconf 92' lang='lat' dir='ltr'>opus</span> <span class='ocrx_word' id='word_1_245' title='bbox 1008 3227 1112 3289; x_wconf 86' lang='lat' dir='ltr'>orsus,</span> 
     </span>
     <span class='ocr_line' id='line_1_35' title="bbox 23 3293 1112 3376; baseline 0.001 -19"><span class='ocrx_word' id='word_1_246' title='bbox 23 3308 28 3315; x_wconf 82' lang='lat'><em>&#39;</em></span> <span class='ocrx_word' id='word_1_247' title='bbox 100 3299 137 3357; x_wconf 91' lang='lat' dir='ltr'>ut</span> <span class='ocrx_word' id='word_1_248' title='bbox 159 3317 179 3357; x_wconf 93' lang='lat' dir='ltr'>a</span> <span class='ocrx_word' id='word_1_249' title='bbox 200 3315 295 3357; x_wconf 90' lang='lat' dir='ltr'>sensu</span> <span class='ocrx_word' id='word_1_250' title='bbox 315 3294 382 3356; x_wconf 92' lang='lat' dir='ltr'>eius</span> <span class='ocrx_word' id='word_1_251' title='bbox 402 3296 567 3376; x_wconf 87' lang='lat' dir='ltr'>averteret,</span> <span class='ocrx_word' id='word_1_252' title='bbox 589 3297 693 3356; x_wconf 88' lang='lat' dir='ltr'>turres</span> <span class='ocrx_word' id='word_1_253' title='bbox 711 3295 812 3359; x_wconf 88' lang='lat' dir='ltr'>muris</span> <span class='ocrx_word' id='word_1_254' title='bbox 832 3293 995 3358; x_wconf 83' lang='lat' dir='ltr'>admoveri</span> <span class='ocrx_word' id='word_1_255' title='bbox 1012 3293 1112 3358; x_wconf 88' lang='lat' dir='ltr'>iubet.</span> 
     </span>
     <span class='ocr_line' id='line_1_36' title="bbox 101 3379 1112 3463; baseline 0.001 -19"><span class='ocrx_word' id='word_1_256' title='bbox 101 3379 161 3445; x_wconf 85' lang='lat' dir='ltr'>Sed</span> <span class='ocrx_word' id='word_1_257' title='bbox 193 3383 303 3445; x_wconf 87' lang='lat' dir='ltr'>eadem</span> <span class='ocrx_word' id='word_1_258' title='bbox 333 3381 464 3460; x_wconf 89' lang='lat' dir='ltr'>humus,</span> <span class='ocrx_word' id='word_1_259' title='bbox 499 3382 665 3446; x_wconf 83' lang='lat' dir='ltr'>movendis</span> <span class='ocrx_word' id='word_1_260' title='bbox 692 3382 815 3446; x_wconf 86' lang='lat' dir='ltr'>inutilis</span> <span class='ocrx_word' id='word_1_261' title='bbox 843 3381 999 3463; x_wconf 82' lang='lat' dir='ltr'>turribus,</span> <span class='ocrx_word' id='word_1_262' title='bbox 1029 3381 1112 3445; x_wconf 91' lang='lat' dir='ltr'>desi·</span> 
     </span>
    </p>
   </div>
   <div class='ocr_carea' id='block_1_4' title="bbox 99 3467 1113 3643">
    <p class='ocr_par' dir='ltr' id='par_1_12' title="bbox 99 3467 1113 3643">
     <span class='ocr_line' id='line_1_37' title="bbox 100 3467 1113 3555; baseline 0.001 -22"><span class='ocrx_word' id='word_1_263' title='bbox 100 3470 195 3534; x_wconf 89' lang='lat' dir='ltr'>dente</span> <span class='ocrx_word' id='word_1_264' title='bbox 224 3470 337 3534; x_wconf 93' lang='lat' dir='ltr'>sabulo</span> <span class='ocrx_word' id='word_1_265' title='bbox 367 3471 543 3554; x_wconf 86' lang='lat' dir='ltr'>agilitatem</span> <span class='ocrx_word' id='word_1_266' title='bbox 567 3475 712 3535; x_wconf 90' lang='lat' dir='ltr'>rotarum</span> <span class='ocrx_word' id='word_1_267' title='bbox 733 3474 860 3534; x_wconf 92' lang='lat' dir='ltr'>morata</span> <span class='ocrx_word' id='word_1_268' title='bbox 883 3467 939 3555; x_wconf 87' lang='lat' dir='ltr'>[et]</span> <span class='ocrx_word' id='word_1_269' title='bbox 964 3469 1113 3534; x_wconf 84' lang='lat' dir='ltr'>tabulata</span> 
     </span>
     <span class='ocr_line' id='line_1_38' title="bbox 99 3558 1113 3643; baseline 0 -21"><span class='ocrx_word' id='word_1_270' title='bbox 99 3560 236 3624; x_wconf 89' lang='lat' dir='ltr'>turrium</span> <span class='ocrx_word' id='word_1_271' title='bbox 262 3559 495 3643; x_wconf 86' lang='lat' dir='ltr'>perfringebat,</span> <span class='ocrx_word' id='word_1_272' title='bbox 527 3559 683 3641; x_wconf 90' lang='lat' dir='ltr'>multique</span> <span class='ocrx_word' id='word_1_273' title='bbox 705 3558 959 3624; x_wconf 84' lang='lat' dir='ltr'>vulnerabantur</span> <span class='ocrx_word' id='word_1_274' title='bbox 979 3558 1113 3642; x_wconf 91' lang='lat' dir='ltr'>inpune,</span> 
     </span>
    </p>
   </div>
   <div class='ocr_carea' id='block_1_5' title="bbox 0 0 1216 3892">
    <p class='ocr_par' dir='ltr' id='par_1_13' title="bbox 0 0 1216 3892">
     <span class='ocr_line' id='line_1_39' title="bbox 0 0 1216 3892; baseline 0 0"><span class='ocrx_word' id='word_1_275' title='bbox 0 0 1216 3892; x_wconf 95' lang='lat' dir='ltr'> </span> 
     </span>
    </p>
   </div>
  </div>
 </body>
</html>
