2422 3892
115 136 179 199 228
486 132 518 195 o.
538 129 647 185 cunci
666 126 751 183 ausi

116 280 244 365 singula
267 278 582 343 circumvenirentur.
616 272 731 355 Itaque
750 288 812 335 v111
836 270 984 337 milibus
1010 294 1138 338 suorum

67 381 96 429 ss
116 369 243 433 amissis
275 368 309 431 in
342 364 495 449 oppidum
527 362 723 446 refugerunt.
774 358 915 424 Postero
954 360 1012 425 die
1047 360 1138 426 scalis
1180 336 1182 429 l

115 456 254 540 undique
283 454 421 519 admotis
445 452 529 515 muri
559 451 765 532 occupantur.
803 446 925 512 Paucis
958 450 1137 533 pernicitas
1180 448 1182 455 '

117 546 215 609 saluti
242 542 317 624 fuit,
346 541 400 624 qui
423 540 552 623 cognito
577 538 666 602 urbis
690 535 813 600 excidio
839 534 1008 617 paludem
1036 542 1138 603 trans-

116 653 232 697 navere
250 636 279 696 et
295 631 329 693 in
348 628 454 693 vicina
472 626 592 710 oppida
613 624 778 711 ingentem
796 622 942 687 intulere
968 628 1138 707 terrorem,

117 721 274 785 invictum
298 717 472 781 exercitum
496 720 530 779 et
551 715 683 778 deorum
704 710 851 795 profecto
873 710 1058 779 adveniscs
1078 736 1138 779 me·
1180 736 1182 757 ¹

117 810 288 872 morantes.

69 909 99 957 rs
206 893 389 958 Alexander
412 891 452 957 ad
476 890 665 956 vastandam
688 909 761 953 cam
783 888 955 972 regionem
981 888 1160 956 Perdiceal

118 1004 190 1047 cum
213 981 360 1065 expedita
391 1002 488 1045 manu
516 980 615 1043 misso
643 980 769 1060 partem
795 975 967 1058 copiarum
996 976 1138 1043 Eumeni

118 1069 267 1154 tradidit,
298 1073 335 1133 ut
362 1069 390 1133 is
418 1088 544 1151 quoque
575 1065 730 1130 barbaros
759 1061 801 1128 ad
831 1062 1039 1129 deditionem
1069 1087 1138 1132 con·

66 1204 74 1221 .
118 1158 266 1243 pelleret:
302 1158 372 1242 ipse
404 1160 527 1221 ceteros
560 1154 599 1217 ad
631 1153 745 1216 urbem
780 1150 936 1229 validam,
968 1152 1007 1217 in
1042 1176 1138 1239 quan

66 1260 100 1309 ao
119 1248 257 1312 aliarum
280 1265 406 1330 quoquc
429 1244 640 1327 confugerant
661 1240 799 1321 incolae,
823 1238 923 1304 duxit.
970 1238 1138 1325 Oppidani

119 1337 241 1418 missis,
265 1334 320 1417 qui
343 1352 453 1415 regem
472 1332 732 1413 deprecarentur,
751 1326 985 1394 nihilominus
1010 1328 1138 1395 bellurn

118 1423 287 1506 parabant.
331 1419 456 1502 Quippe
480 1422 552 1483 orta
579 1417 694 1481 seditio
717 1417 752 1480 in
773 1416 900 1480 diversa
921 1416 1073 1483 consilia
1096 1418 1138 1483 di·

120 1510 255 1573 duxerat
273 1506 418 1591 vulgum:
443 1506 501 1569 alii
519 1505 627 1569 omnia
650 1504 810 1569 deditione
831 1502 977 1587 potiora,
1001 1505 1138 1590 quidam

67 1611 98 1659 21
119 1598 242 1661 nullam
269 1616 363 1679 opem
390 1594 425 1658 in
451 1594 530 1678 ipsis
554 1615 623 1657 esse
650 1592 817 1657 ducebant
857 1588 920 1655 Sed
943 1591 1027 1657 dum
1055 1594 1138 1660 nihil

119 1686 153 1750 in
193 1705 362 1751 commune
403 1682 592 1762 consulitur,
629 1682 684 1764 qui
725 1678 880 1744 deditioni
915 1679 1138 1765 inminebant,

68 1788 100 1835 22
120 1774 241 1857 apertis
264 1773 367 1858 portis
386 1772 513 1836 hostem
532 1769 699 1853 recipiunt.
732 1765 914 1832 Alexander
931 1788 1138 1856 quamquam

119 1862 197 1927 belli
229 1861 413 1926 auctoribus
441 1859 509 1923 iure
539 1861 668 1942 poterat
698 1856 809 1940 irasci,
839 1858 952 1919 tamen
980 1860 1139 1925 omnibus

119 1951 214 2013 venia
237 1949 313 2012 data
336 1952 369 2011 et
391 1947 557 2011 obsidibus
580 1945 720 2027 acceptis
744 1943 785 2008 ad
808 1942 995 2027 proximam
1017 1946 1139 2013 deinde

119 2036 233 2100 urbem
256 2038 362 2099 castra
384 2034 494 2097 movit.
531 2032 664 2097 Obsides
688 2032 888 2097 ducebantur
908 2034 986 2096 ante
1005 2054 1139 2118 agmen.

120 2123 209 2199 Quos
221 2142 295 2186 cum
309 2143 347 2185 ex
361 2121 461 2185 muris
476 2121 714 2204 adgnouissent,
727 2122 840 2202 utpote
853 2118 963 2205 gentis
979 2120 1139 2207 eiusdem,

66 2212 153 2276 23'in
184 2209 391 2295 conloquium
418 2211 681 2273 convocaverunt.
730 2207 785 2272 Illi
810 2206 1020 2273 clementiam
1047 2213 1138 2297 regis

120 2298 279 2382 simulque
303 2298 368 2363 vim
392 2296 672 2362 commemorando
696 2296 736 2360 ad
760 2295 954 2360 deditionem
979 2316 1039 2363 eos
1066 2320 1139 2365 con-

120 2388 243 2470 pulere:
267 2392 453 2469 ceterasque
471 2385 567 2449 urbes
587 2384 685 2448 simili
705 2384 800 2448 modo
818 2382 956 2447 domitas
977 2384 1014 2449 in
1035 2384 1140 2453 fidem

121 2497 194 2541 acce
218 2477 252 2539 it.

66 2574 101 2622 24
194 2498 291 2628 pHinc
317 2564 352 2627 in
379 2582 512 2647 regnum
536 2558 681 2643 Sopithis
710 2563 899 2644 perventum
926 2561 986 2624 est.
1034 2560 1164 2650 Genqq

119 2655 155 2716 ut
173 2652 303 2716 barbari
317 2651 463 2732 credunt,
481 2648 641 2732 sapientia
654 2647 789 2713 excellet
806 2647 963 2731 bonisque
982 2652 1138 2719 moribus

67 2750 99 2798 25
119 2740 251 2822 regitur.
287 2737 421 2802 Genitos
441 2737 560 2800 liberos
578 2757 642 2799 non
664 2740 835 2818 parentum
854 2734 990 2800 arbitrio
1010 2739 1139 2806 tollunt

120 2827 288 2908 aluntque,
312 2825 510 2907 acdeorum,
533 2823 649 2907 quibus
669 2823 836 2906 spectandi
857 2822 1021 2888 infantum
1040 2826 1139 2895 habi·

119 2918 189 2976 tum
216 2934 292 2976 cura
318 2912 470 2976 mandata
498 2915 554 2976 est.
601 2908 636 2975 Si
663 2933 743 2995 quos
772 2912 915 2995 insignes
939 2914 998 2976 aut
1023 2914 1139 3002 aliqua

119 3004 211 3085 parte
235 3000 453 3065 membrorum
477 2999 608 3064 inutiles
636 3003 843 3078 notaverunt,
870 2998 978 3064 necari
1008 3001 1140 3071 iubent

67 3102 100 3149 ao
119 3090 249 3173 Nuptiis
282 3090 398 3153 coeunt
424 3108 491 3151 nou
522 3108 638 3171 genere
671 3109 708 3153 ac
739 3087 911 3153 nobilitate
940 3088 1141 3179 coniunctis,

120 3178 175 3242 sed
194 3179 296 3242 electa
318 3197 489 3259 corporum
512 3176 630 3260 specie,
653 3177 729 3259 quia
747 3176 857 3240 eadem
881 3174 1080 3245 aestimatur
1105 3182 1142 3249 in

67 3276 99 3324 27
120 3265 239 3331 liberis.
266 3264 370 3329 Huius
386 3264 490 3350 gentis
507 3265 668 3347 oppidum,
682 3266 733 3329 cui
744 3264 926 3329 Alexander
940 3262 1141 3339 admoverat

120 3353 242 3437 copias,
279 3354 319 3418 ab
347 3354 417 3437 ipso
446 3350 579 3437 Sopithe
608 3352 823 3417 obtinebatur.
869 3348 1007 3417 Clausae
1037 3362 1143 3427 erant

118 3445 245 3526 portae,
264 3442 319 3506 sed
336 3442 418 3506 nulli
436 3442 470 3505 in
490 3440 589 3505 muris
607 3440 814 3524 turribusque
833 3461 867 3504 sc
887 3440 1004 3505 armati
1024 3450 1142 3515 osten-

107 3530 233 3599 debant
255 3530 520 3617 dubitabantque
541 3527 755 3609 Macedones,
778 3528 997 3590 desemissent
1015 3532 1146 3601 uim
