2422 3892
261 157 516 213 HlSTORIARUM
533 157 749 212 ALEXANDRI
767 156 816 227 VI,
834 164 858 213 2.
878 165 903 214 ³.
1028 161 1093 226 119

81 306 186 389 pylos,
209 303 339 368 condita
361 326 381 369 a
404 301 548 367 Graecis:
573 301 620 367 ibi
649 302 768 367 stativa
789 324 847 367 rex
870 302 986 368 habuit
1008 325 1094 369 com·

81 392 241 458 meatibus
255 391 397 475 undique
412 391 563 456 advectis.
598 388 712 475 Itaque
725 412 846 474 rumor,
865 392 963 456 otiosi
977 392 1093 457 militis

82 482 213 564 vitium,
247 481 315 545 sine
347 482 479 544 auctore
509 479 727 562 percrebruit,
761 500 872 565 regem
904 483 1093 546 contentum

82 569 190 647 rebus,
218 590 298 652 quas
321 568 488 652 gessisset,
514 567 550 630 in
571 565 795 632 Macedoniam
817 568 965 652 protinus
988 568 1094 633 redire

83 657 245 721 statuisse.
281 654 475 721 Discurrunt
492 655 671 739 lymphatis
691 655 813 720 similes
831 656 867 720 iu
884 656 1095 722 tabernacula
1114 669 1149 719 16

82 749 115 809 et
137 745 247 810 itineri
270 745 412 809 sarcinas
436 745 562 827 aptant:
590 743 719 827 signum
741 744 854 809 datum
877 745 1035 829 crederes,
1058 749 1096 810 ut

82 855 159 898 vasa
173 833 364 917 colligerent
381 833 461 897 totis
481 831 606 896 castris.
641 830 813 896 Tumultus
832 832 908 898 hinc
927 834 1094 899 contuber·
1116 856 1118 860 ⁴

81 923 171 986 nales
190 943 266 986 suos
285 921 526 1004 requirentium,
543 919 619 984 hinc
637 921 841 985 onerantium
859 921 1006 1005 plaustra
1022 944 1094 1006 per·

81 1010 186 1074 fertur
209 1009 251 1072 ad
272 1028 393 1092 regem.
437 1007 593 1073 Fecerant
615 1007 710 1072 fidem
737 1009 860 1073 rumori
883 1013 1006 1085 temere
1028 1010 1149 1075 vul-17

82 1101 160 1181 gato
184 1093 300 1160 Graeci
321 1096 443 1159 milites
464 1095 568 1159 redire
590 1096 670 1159 iussi
693 1096 821 1179 domos,
844 1118 982 1180 quorum
1005 1098 1095 1182 equi-

82 1185 171 1248 tibus
196 1183 335 1268 singulis
363 1183 529 1247 denarium
556 1204 635 1248 sena
661 1184 765 1267 milia,
791 1185 1095 1269 pantoscopum

82 1273 206 1337 dederat
226 1273 333 1336 milia:
360 1271 440 1354 ipsis
463 1292 588 1355 quoque
611 1271 708 1336 finem
730 1272 870 1337 militiae
893 1272 1006 1339 adesse
1029 1295 1095 1338 cre·

82 1360 210 1425 debant.
250 1358 348 1423 Haud
372 1380 463 1424 secus
483 1381 579 1442 quam
597 1381 657 1442 par
676 1364 745 1424 erat
762 1361 906 1444 territus,
924 1361 980 1445 qui
995 1360 1093 1427 Indos
1114 1380 1149 1428 rs

83 1452 180 1532 atque
202 1448 320 1513 ultima
342 1445 484 1512 Orientis
506 1467 680 1531 peragrare
707 1449 890 1527 statuisset,
915 1449 1097 1533 praefectos

82 1537 248 1621 copiarum
275 1537 311 1600 in
332 1536 531 1619 praetorium
555 1535 718 1600 contrahit
741 1536 929 1622 obortisque
952 1537 1096 1603 lacrimis

83 1647 122 1688 ex
145 1625 251 1688 medio
276 1624 397 1707 gloriae
421 1624 528 1707 spatio
552 1625 696 1688 revocari
719 1646 753 1689 se
775 1625 855 1690 victi
873 1626 979 1710 magis
999 1648 1096 1711 quam

84 1713 217 1776 victoris
234 1711 400 1775 fortunam
418 1710 452 1774 in
470 1711 612 1793 patrium
626 1710 804 1776 relaturum
824 1717 1018 1798 conquestus
1034 1716 1097 1779 est:

83 1820 143 1863 nec
161 1799 224 1862 sibi
241 1798 409 1882 ignaviam
427 1798 569 1863 militum
588 1799 727 1882 obstare,
746 1800 802 1864 sed
822 1801 916 1865 deum
932 1801 1097 1884 invidiam,
1118 1817 1151 1866 rs

84 1888 139 1971 qui
166 1885 354 1951 fortissimis
383 1887 461 1951 viris
494 1886 637 1950 subitum
666 1887 792 1970 patriae
819 1887 1014 1953 desiderium
1042 1888 1097 1954 ad-

85 1975 275 2057 movissent,
301 1975 399 2058 paulo
429 1977 506 2058 post
532 1974 567 2038 in
589 1975 722 2039 eandem
752 1997 824 2040 cum
854 1977 975 2041 maiore
1001 1977 1097 2042 laude

83 2064 232 2147 famaque
259 2062 418 2127 redituris.
462 2061 545 2126 Tum
568 2084 643 2128 vero
665 2085 725 2147 pro
748 2086 783 2129 se
807 2066 941 2150 quisque
965 2087 1098 2149 operam
1116 2081 1151 2130 20

84 2173 177 2216 suum
209 2151 338 2234 offerre,
369 2150 564 2216 difficillima
596 2172 740 2237 quaeque
770 2175 915 2238 poscere,
951 2155 1098 2238 polliceri

84 2240 225 2303 militum
248 2260 373 2322 quoque
397 2239 601 2323 obsequium,
629 2241 657 2304 si
684 2241 809 2306 animos
837 2263 949 2307 eorum
976 2242 1098 2307 leniet

84 2331 163 2411 apta
180 2328 328 2392 oratione
345 2328 544 2410 permulcere
562 2328 732 2394 voluisset:
750 2334 928 2415 numquam
942 2329 1098 2394 infractos
1116 2345 1147 2394 ar

84 2419 118 2480 et
144 2415 288 2480 abiectos
312 2416 497 2498 recessisse,
525 2415 674 2499 quotiens
701 2417 804 2500 ipsius
833 2417 1037 2481 alacritatem
1065 2421 1099 2481 et

84 2505 170 2569 tanti
184 2504 285 2568 animi
299 2504 434 2587 spiritus
448 2501 576 2567 haurire
593 2504 787 2585 potuissent.
822 2503 875 2568 Ita
889 2525 923 2569 se
936 2503 1098 2568 facturum

85 2613 156 2656 osso
187 2591 368 2672 respondit:
404 2591 456 2654 illi
487 2590 583 2655 modo
615 2590 708 2673 vulgi
741 2612 834 2656 aures
865 2596 1099 2675 praepararent

85 2679 158 2742 sibi.
194 2677 344 2761 Satisque
363 2678 526 2760 omnibus,
550 2698 631 2760 quae
653 2678 688 2741 in
710 2699 778 2741 rem
803 2678 994 2745 videbantur
1017 2700 1098 2764 esse,

86 2765 262 2848 conpositis
284 2765 394 2829 vocari
417 2764 458 2827 ad
480 2766 664 2829 contionem
687 2767 863 2832 exercitum
885 2767 989 2852 iussit,
1013 2767 1098 2853 apud

87 2874 182 2936 quem
204 2853 303 2917 talem
327 2851 506 2917 orationem
529 2852 656 2917 habuit:

512 3008 592 3076 Ore.
613 3010 672 3076 III.

57 3119 75 3182 'l
175 3117 445 3200 ‘Magnitudinem
464 3139 572 3182 rerum
577 3167 587 3201 ,
606 3141 685 3203 quas
704 3117 878 3204 gessimus,
897 3119 1033 3202 milites,
1051 3118 1097 3183 in·
1117 3139 1131 3185 1

85 3207 252 3271 tuentibus
266 3207 360 3271 vobis
374 3206 508 3270 minime
523 3207 641 3270 mirum
656 3209 706 3271 est
724 3210 758 3270 et
771 3206 963 3271 desiderium
978 3206 1096 3291 quietis

87 3297 121 3357 et
146 3293 331 3359 satietatem
355 3294 479 3378 gloriae
503 3315 677 3359 occurrere.
721 3293 769 3360 Ut
792 3294 941 3359 omittam
958 3294 1132 3379 Illyricas

87 3381 265 3465 Triballos,
296 3382 483 3466 Boeotiam,
515 3382 705 3463 Thraciam,
743 3380 910 3465 Spartam,
941 3383 1098 3466 Achaeos,

86 3467 358 3553 Peloponnesum,
386 3492 522 3554 quorum
550 3470 615 3534 alia
642 3469 739 3534 ductu
762 3491 849 3553 meo,
875 3471 940 3535 alia
961 3471 1133 3554 imperios

87 3555 292 3640 auspicioque
305 3557 481 3642 perdomui,
500 3578 581 3642 ecce,
600 3557 666 3623 orsi
682 3558 807 3622 bellum
818 3558 861 3622 ab
874 3558 1118 3636 Hellesponto,
1153 3617 1157 3622 ,
