2422 3892
368 781 404 865 o.
437 752 618 850 aanor
643 781 793 850 uuor

438 937 737 993 HISTORIARUM

231 1083 665 1157 ALEXANDRI
699 1084 939 1159 MAGNI

419 1258 746 1321 MACEDONIS

473 1409 607 1466 LIBER
630 1411 683 1466 VI.

163 1537 251 1602 Dum
268 1557 306 1602 ea
322 1557 381 1618 per
397 1537 512 1602 Asiam
527 1542 684 1621 peruutur,
706 1558 746 1602 ne
762 1538 798 1603 iu
817 1537 951 1604 &aena
965 1541 1089 1621 quidem

78 1625 317 1706 Macedoniaque
330 1625 518 1706 tranquillae
534 1644 584 1690 res
594 1626 688 1706 ficere.
723 1624 885 1708 Bepnahat
896 1628 982 1708 opud
993 1629 1087 1692 Laee-

75 1713 250 1779 daemouios
271 1711 363 1795 Apis,
390 1712 575 1776 Archidami
595 1713 693 1794 filius,
720 1714 774 1794 qai
798 1714 977 1779 Tarentinis
1003 1735 1088 1797 opem

74 1802 177 1882 ferens
199 1801 352 1883 aeriderat,
374 1802 475 1864 eodem
496 1800 546 1865 die
566 1820 625 1882 prro
643 1799 809 1882 Phiiippus
825 1800 1025 1868 Athenienses
1046 1802 1090 1868 ad

77 1887 284 1956 Chaeroneam
308 1889 387 1952 risit.
435 1888 471 1952 Is
497 1887 757 1969 Aleaaudriper
782 1890 923 1954 virtatem
949 1892 1088 1957 aemulus

76 1980 153 2044 aives
174 1997 247 2043 suos
267 1977 455 2058 stimulabat,
476 1996 515 2040 ne
538 1975 702 2041 Graeciam
723 1977 865 2042 seruitute
881 1978 1088 2044 Moeedouum

76 2067 193 2131 diutius
200 2065 303 2148 premi
310 2067 507 2146 paterentur:
525 2065 589 2130 uisi
601 2065 637 2129 iu
651 2069 780 2146 mrupore
792 2067 993 2151 providerent,
1006 2068 1088 2132 idem

76 2155 183 2235 iupum
211 2152 255 2218 ad
266 2153 361 2234 „ipsos
388 2153 593 2217 transituram
621 2173 690 2218 esse.
740 2154 952 2219 Adnitendum
982 2156 1088 2238 ipitm,

76 2242 151 2306 dum
177 2241 300 2322 aliquae
324 2239 425 2306 adhue
451 2240 557 2306 Persis
583 2241 626 2305 ad
651 2242 851 2306 resisteudmu
876 2242 957 2306 uires
977 2247 1087 2306 essem:

77 2330 141 2395 illis
163 2329 313 2412 oppressis
330 2329 477 2395 adrasus
493 2330 651 2394 inmanem
664 2329 833 2410 potentiam
848 2328 970 2408 frustra
987 2330 1089 2394 auitae

77 2417 225 2483 libertatis
246 2437 392 2482 memores
406 2416 538 2496 futuros.
582 2415 635 2481 Sia
651 2416 806 2480 iustinetis
825 2416 942 2480 animis
959 2417 1088 2482 aroasia-

76 2526 146 2570 uem
169 2505 239 2569 belli
256 2525 293 2570 ea
310 2505 464 2570 oomnrodo
481 2504 638 2585 coaptandi
655 2502 945 2584 oireumspioiehaut.
984 2503 1090 2586 Ipitur

74 2593 220 2674 felicitate
249 2591 428 2656 Muunmis
457 2592 582 2655 inuitati
609 2590 740 2656 consilia
770 2609 840 2654 oum
870 2589 936 2671 ipso
965 2592 1090 2656 misoem

76 2679 213 2761 adpressi
233 2682 307 2742 suut
327 2683 363 2756 et,
380 2683 546 2760 postauam
568 2679 620 2743 ille
641 2697 746 2742 rerum
759 2678 912 2743 laetorum
928 2679 1023 2743 initia
1039 2680 1089 2744 iu-

77 2766 252 2848 tempostiua
268 2769 364 2830 mute
381 2766 524 2846 destituit,
546 2765 644 2831 nihilo
666 2765 826 2832 remissius
847 2766 984 2849 apehout.
1029 2766 1090 2832 Sed

76 2857 120 2921 ad
131 2853 373 2920 Pharuoharmn
390 2859 419 2918 et
430 2853 685 2936 Autophradaten
696 2854 852 2936 mofeotus
864 2854 944 2937 Apis
961 2856 1090 2938 tripiuta

76 2944 197 3028 arpmti
214 2942 329 3008 talenta
341 2943 497 3024 deeemque
514 2943 651 3009 triremes
663 2943 837 3028 inpetrauit,
854 2962 932 3025 quas
944 2943 1089 3026 Apesilao

75 3032 172 3114 fratri
189 3031 282 3114 misit,
299 3033 337 3096 ut
351 3031 387 3095 in
401 3028 523 3097 (hrotam
540 3032 707 3114 uamparet,
725 3032 812 3096 ouius
828 3031 949 3096 insulae
961 3031 1090 3096 cultores

77 3122 158 3185 iuter
167 3119 422 3185 Lacedaemonios
435 3124 464 3184 et
475 3119 665 3184 Maeedonas
677 3120 804 3184 diensis
816 3119 928 3184 studiis
940 3118 1089 3185 distrahe-

78 3207 199 3271 bantur.
242 3207 352 3290 Lepati
377 3227 493 3290 quoque
518 3208 562 3272 ad
581 3207 722 3272 Dareum
748 3206 837 3272 missi
862 3211 948 3291 suut,
974 3208 1029 3289 qui
1054 3207 1090 3271 iu

78 3313 169 3359 usum
191 3295 261 3360 belli
281 3297 462 3378 anrpliorun
483 3296 546 3360 uim
562 3295 713 3378 pemnrae
723 3294 888 3376 phoresque
905 3314 997 3360 naues
1008 3299 1089 3377 pete
1120 3301 1122 3305 ’

79 3387 155 3446 rent.
190 3380 291 3463 Atque
302 3381 376 3448 haee
387 3403 493 3448 eorum
506 3389 608 3466 coepta
621 3384 721 3448 clades
734 3383 778 3448 ad
788 3383 895 3448 Issum
907 3419 951 3428 -
963 3403 1040 3447 uam
1052 3402 1090 3446 ea

79 3474 281 3535 interemerat
298 3505 340 3517 ·-
357 3471 431 3536 adeo
450 3492 515 3538 nort
531 3471 743 3555 mterpelhuit
764 3475 800 3535 ul
816 3471 911 3536 eliam
928 3471 1102 3533 adiuuerit.

133 3582 225 3623 curtius
239 3583 317 3624 Rufus.
874 3576 897 3624 Q
