<?xml version="1.0" encoding="UTF-8"?>
<!DOCTYPE html PUBLIC "-//W3C//DTD XHTML 1.0 Transitional//EN"
    "http://www.w3.org/TR/xhtml1/DTD/xhtml1-transitional.dtd">
<html xmlns="http://www.w3.org/1999/xhtml" xml:lang="en" lang="en">
 <head>
  <title>
</title>
<meta http-equiv="Content-Type" content="text/html;charset=utf-8" />
  <meta name='ocr-system' content='tesseract 3.04.00' />
  <meta name='ocr-capabilities' content='ocr_page ocr_carea ocr_par ocr_line ocrx_word'/>
</head>
<body>
  <div class='ocr_page' id='page_1' title='image "./historiarumalex00rufugoog_0039.png"; bbox 0 0 2422 3892; ppageno 0'>
   <div class='ocr_carea' id='block_1_1' title="bbox 126 145 766 212">
    <p class='ocr_par' dir='ltr' id='par_1_1' title="bbox 126 145 766 212">
     <span class='ocr_line' id='line_1_1' title="bbox 126 145 766 212; baseline -0.005 -9"><span class='ocrx_word' id='word_1_1' title='bbox 126 148 147 211; x_wconf 82' lang='grc'>2</span> <span class='ocrx_word' id='word_1_2' title='bbox 500 147 531 212; x_wconf 80' lang='lat' dir='ltr'><strong>Q.</strong></span> <span class='ocrx_word' id='word_1_3' title='bbox 551 146 661 202; x_wconf 80' lang='lat' dir='ltr'>CURTI</span> <span class='ocrx_word' id='word_1_4' title='bbox 679 145 766 200; x_wconf 81' lang='lat' dir='ltr'><strong>RUFI</strong></span> 
     </span>
    </p>
   </div>
   <div class='ocr_carea' id='block_1_2' title="bbox 92 290 1146 818">
    <p class='ocr_par' dir='ltr' id='par_1_2' title="bbox 92 290 1146 818">
     <span class='ocr_line' id='line_1_2' title="bbox 125 290 1144 376; baseline -0.001 -19"><span class='ocrx_word' id='word_1_5' title='bbox 125 295 235 357; x_wconf 90' lang='lat' dir='ltr'><strong>menta</strong></span> <span class='ocrx_word' id='word_1_6' title='bbox 253 292 374 356; x_wconf 89' lang='lat' dir='ltr'><strong>metiri:</strong></span> <span class='ocrx_word' id='word_1_7' title='bbox 399 313 432 356; x_wconf 80' lang='lat' dir='ltr'><strong>se</strong></span> <span class='ocrx_word' id='word_1_8' title='bbox 452 290 532 356; x_wconf 89' lang='lat' dir='ltr'><strong>scire</strong></span> <span class='ocrx_word' id='word_1_9' title='bbox 550 291 814 376; x_wconf 77' lang='lat' dir='ltr'>inexpugnabiles</span> <span class='ocrx_word' id='word_1_10' title='bbox 833 311 912 374; x_wconf 90' lang='lat' dir='ltr'><strong>esse,</strong></span> <span class='ocrx_word' id='word_1_11' title='bbox 935 290 976 355; x_wconf 88' lang='lat' dir='ltr'><strong>ad</strong></span> <span class='ocrx_word' id='word_1_12' title='bbox 989 291 1144 356; x_wconf 89' lang='lat' dir='ltr'><strong>ultimum</strong></span> 
     </span>
     <span class='ocr_line' id='line_1_3' title="bbox 92 377 1146 464; baseline -0.004 -15"><span class='ocrx_word' id='word_1_13' title='bbox 92 402 107 450; x_wconf 85' lang='lat' dir='ltr'><strong>s</strong></span> <span class='ocrx_word' id='word_1_14' title='bbox 126 402 185 464; x_wconf 90' lang='lat' dir='ltr'><strong>pro</strong></span> <span class='ocrx_word' id='word_1_15' title='bbox 208 381 270 444; x_wconf 92' lang='lat' dir='ltr'><strong>fide</strong></span> <span class='ocrx_word' id='word_1_16' title='bbox 292 380 474 444; x_wconf 91' lang='lat' dir='ltr'><strong>morituros.</strong></span> <span class='ocrx_word' id='word_1_17' title='bbox 508 377 657 444; x_wconf 83' lang='lat' dir='ltr'><strong>Getarum</strong></span> <span class='ocrx_word' id='word_1_18' title='bbox 680 383 718 443; x_wconf 93' lang='lat' dir='ltr'><strong>ut</strong></span> <span class='ocrx_word' id='word_1_19' title='bbox 740 378 955 444; x_wconf 82' lang='lat' dir='ltr'><strong>circumsideri</strong></span> <span class='ocrx_word' id='word_1_20' title='bbox 978 400 1085 444; x_wconf 89' lang='lat' dir='ltr'><strong>arcem</strong></span> <span class='ocrx_word' id='word_1_21' title='bbox 1107 384 1146 445; x_wconf 92' lang='lat' dir='ltr'><strong>et</strong></span> 
     </span>
     <span class='ocr_line' id='line_1_4' title="bbox 127 467 1144 552; baseline -0.001 -19"><span class='ocrx_word' id='word_1_22' title='bbox 127 469 236 534; x_wconf 92' lang='lat' dir='ltr'><strong>omnia</strong></span> <span class='ocrx_word' id='word_1_23' title='bbox 259 469 321 532; x_wconf 85' lang='lat' dir='ltr'><strong>sibi</strong></span> <span class='ocrx_word' id='word_1_24' title='bbox 343 467 378 531; x_wconf 90' lang='lat' dir='ltr'><strong>in</strong></span> <span class='ocrx_word' id='word_1_25' title='bbox 401 467 468 532; x_wconf 90' lang='lat' dir='ltr'><strong>dies</strong></span> <span class='ocrx_word' id='word_1_26' title='bbox 492 468 612 532; x_wconf 90' lang='lat' dir='ltr'><strong>artiora</strong></span> <span class='ocrx_word' id='word_1_27' title='bbox 628 489 697 532; x_wconf 89' lang='lat' dir='ltr'><strong>esse</strong></span> <span class='ocrx_word' id='word_1_28' title='bbox 712 467 868 551; x_wconf 84' lang='lat' dir='ltr'><strong>viderunt,</strong></span> <span class='ocrx_word' id='word_1_29' title='bbox 893 468 1062 552; x_wconf 78' lang='lat' dir='ltr'><strong>sexaginta</strong></span> <span class='ocrx_word' id='word_1_30' title='bbox 1075 467 1144 532; x_wconf 77' lang='lat' dir='ltr'><strong>die-</strong></span> 
     </span>
     <span class='ocr_line' id='line_1_5' title="bbox 126 554 1143 640; baseline 0.001 -20"><span class='ocrx_word' id='word_1_31' title='bbox 126 579 198 621; x_wconf 92' lang='lat' dir='ltr'><strong>rum</strong></span> <span class='ocrx_word' id='word_1_32' title='bbox 220 556 365 620; x_wconf 85' lang='lat' dir='ltr'><strong>inducias</strong></span> <span class='ocrx_word' id='word_1_33' title='bbox 387 555 483 640; x_wconf 88' lang='lat' dir='ltr'><strong>pacti,</strong></span> <span class='ocrx_word' id='word_1_34' title='bbox 504 558 549 639; x_wconf 89' lang='lat' dir='ltr'><strong>ut,</strong></span> <span class='ocrx_word' id='word_1_35' title='bbox 571 556 635 620; x_wconf 90' lang='lat' dir='ltr'><strong>nisi</strong></span> <span class='ocrx_word' id='word_1_36' title='bbox 656 556 744 619; x_wconf 85' lang='lat' dir='ltr'><strong>intra</strong></span> <span class='ocrx_word' id='word_1_37' title='bbox 766 577 821 620; x_wconf 89' lang='lat' dir='ltr'><strong>eos</strong></span> <span class='ocrx_word' id='word_1_38' title='bbox 842 555 996 620; x_wconf 91' lang='lat' dir='ltr'><strong>auxilium</strong></span> <span class='ocrx_word' id='word_1_39' title='bbox 1013 554 1143 621; x_wconf 89' lang='lat' dir='ltr'><strong>Dareus</strong></span> 
     </span>
     <span class='ocr_line' id='line_1_6' title="bbox 126 643 1143 729; baseline -0.001 -20"><span class='ocrx_word' id='word_1_40' title='bbox 126 645 206 729; x_wconf 91' lang='lat' dir='ltr'><strong>ipsis</strong></span> <span class='ocrx_word' id='word_1_41' title='bbox 238 645 391 727; x_wconf 88' lang='lat' dir='ltr'><strong>misisset,</strong></span> <span class='ocrx_word' id='word_1_42' title='bbox 423 643 575 708; x_wconf 90' lang='lat' dir='ltr'><strong>dederent</strong></span> <span class='ocrx_word' id='word_1_43' title='bbox 595 645 724 727; x_wconf 92' lang='lat' dir='ltr'><strong>urbem,</strong></span> <span class='ocrx_word' id='word_1_44' title='bbox 755 646 927 727; x_wconf 78' lang='lat' dir='ltr'><strong>postquam</strong></span> <span class='ocrx_word' id='word_1_45' title='bbox 955 643 1037 707; x_wconf 89' lang='lat' dir='ltr'><strong>nihil</strong></span> <span class='ocrx_word' id='word_1_46' title='bbox 1064 644 1143 708; x_wconf 89' lang='lat' dir='ltr'><strong>inde</strong></span> 
     </span>
     <span class='ocr_line' id='line_1_7' title="bbox 125 731 1144 818; baseline 0 -21"><span class='ocrx_word' id='word_1_47' title='bbox 125 732 277 818; x_wconf 89' lang='lat' dir='ltr'><strong>praesidii</strong></span> <span class='ocrx_word' id='word_1_48' title='bbox 303 732 506 815; x_wconf 73' lang='lat' dir='ltr'><strong>mittebatur,</strong></span> <span class='ocrx_word' id='word_1_49' title='bbox 538 731 578 796; x_wconf 87' lang='lat' dir='ltr'><strong>ad</strong></span> <span class='ocrx_word' id='word_1_50' title='bbox 607 733 833 816; x_wconf 86' lang='lat' dir='ltr'><strong>praestitutam</strong></span> <span class='ocrx_word' id='word_1_51' title='bbox 861 731 944 794; x_wconf 90' lang='lat' dir='ltr'><strong>diem</strong></span> <span class='ocrx_word' id='word_1_52' title='bbox 966 731 1144 815; x_wconf 87' lang='lat' dir='ltr'><strong>permisere</strong></span> 
     </span>
    </p>
   </div>
   <div class='ocr_carea' id='block_1_3' title="bbox 26 841 1179 3640">
    <p class='ocr_par' dir='ltr' id='par_1_3' title="bbox 127 843 260 886">
     <span class='ocr_line' id='line_1_8' title="bbox 127 843 260 886; baseline -0.008 0"><span class='ocrx_word' id='word_1_53' title='bbox 127 843 167 886; x_wconf 80' lang='lat' dir='ltr'><strong>se</strong></span> <span class='ocrx_word' id='word_1_54' title='bbox 182 843 216 885; x_wconf 93' lang='lat' dir='ltr'><strong>re</strong></span> <span class='ocrx_word' id='word_1_55' title='bbox 253 870 260 885; x_wconf 92' lang='lat'><strong>.</strong></span> 
     </span>
    </p>

    <p class='ocr_par' dir='ltr' id='par_1_4' title="bbox 90 841 1144 1169">
     <span class='ocr_line' id='line_1_9' title="bbox 90 841 1144 994; baseline 0.001 -22"><span class='ocrx_word' id='word_1_56' title='bbox 90 931 108 980; x_wconf 76' lang='lat' dir='ltr'><strong>o</strong></span> <span class='ocrx_word' id='word_1_57' title='bbox 217 841 453 992; x_wconf 59' lang='lat' dir='ltr'><strong>Girperveniunt</strong></span> <span class='ocrx_word' id='word_1_58' title='bbox 475 909 587 972; x_wconf 89' lang='lat' dir='ltr'><strong>deinde</strong></span> <span class='ocrx_word' id='word_1_59' title='bbox 605 908 706 993; x_wconf 91' lang='lat' dir='ltr'><strong>legati</strong></span> <span class='ocrx_word' id='word_1_60' title='bbox 718 906 966 973; x_wconf 80' lang='lat' dir='ltr'><strong>Atheniensium</strong></span> <span class='ocrx_word' id='word_1_61' title='bbox 984 911 1144 994; x_wconf 85' lang='lat' dir='ltr'><strong>petentes,</strong></span> 
     </span>
     <span class='ocr_line' id='line_1_10' title="bbox 127 995 1143 1081; baseline 0.002 -21"><span class='ocrx_word' id='word_1_62' title='bbox 127 1001 164 1061; x_wconf 93' lang='lat' dir='ltr'><strong>ut</strong></span> <span class='ocrx_word' id='word_1_63' title='bbox 186 997 272 1080; x_wconf 91' lang='lat' dir='ltr'><strong>capti</strong></span> <span class='ocrx_word' id='word_1_64' title='bbox 294 997 380 1081; x_wconf 89' lang='lat' dir='ltr'><strong>apud</strong></span> <span class='ocrx_word' id='word_1_65' title='bbox 394 995 568 1062; x_wconf 84' lang='lat' dir='ltr'><strong>Granicum</strong></span> <span class='ocrx_word' id='word_1_66' title='bbox 591 1017 718 1060; x_wconf 87' lang='lat' dir='ltr'><strong>amnem</strong></span> <span class='ocrx_word' id='word_1_67' title='bbox 740 997 947 1060; x_wconf 88' lang='lat' dir='ltr'><strong>redderentur</strong></span> <span class='ocrx_word' id='word_1_68' title='bbox 970 996 1041 1060; x_wconf 92' lang='lat' dir='ltr'><strong>sibi.</strong></span> <span class='ocrx_word' id='word_1_69' title='bbox 1080 997 1143 1063; x_wconf 86' lang='lat' dir='ltr'><strong>Ille</strong></span> 
     </span>
     <span class='ocr_line' id='line_1_11' title="bbox 127 1082 1143 1169; baseline 0.001 -20"><span class='ocrx_word' id='word_1_70' title='bbox 127 1086 276 1151; x_wconf 88' lang='lat' dir='ltr'><strong>nonhos</strong></span> <span class='ocrx_word' id='word_1_71' title='bbox 298 1085 405 1169; x_wconf 91' lang='lat' dir='ltr'><strong>modo,</strong></span> <span class='ocrx_word' id='word_1_72' title='bbox 428 1085 483 1150; x_wconf 90' lang='lat' dir='ltr'><strong>sed</strong></span> <span class='ocrx_word' id='word_1_73' title='bbox 506 1085 603 1148; x_wconf 88' lang='lat' dir='ltr'><strong>etiam</strong></span> <span class='ocrx_word' id='word_1_74' title='bbox 626 1088 747 1149; x_wconf 88' lang='lat' dir='ltr'><strong>ceteros</strong></span> <span class='ocrx_word' id='word_1_75' title='bbox 762 1082 902 1149; x_wconf 80' lang='lat' dir='ltr'><strong>Graecos</strong></span> <span class='ocrx_word' id='word_1_76' title='bbox 924 1084 1051 1148; x_wconf 92' lang='lat' dir='ltr'><strong>restitui</strong></span> <span class='ocrx_word' id='word_1_77' title='bbox 1072 1086 1143 1150; x_wconf 88' lang='lat' dir='ltr'><strong>suis</strong></span> 
     </span>
    </p>

    <p class='ocr_par' dir='ltr' id='par_1_5' title="bbox 78 1170 1144 1347">
     <span class='ocr_line' id='line_1_12' title="bbox 78 1170 1143 1258; baseline -0.004 -14"><span class='ocrx_word' id='word_1_78' title='bbox 78 1194 109 1244; x_wconf 84' lang='grc' dir='ltr'><strong>ιο</strong></span> <span class='ocrx_word' id='word_1_79' title='bbox 127 1174 290 1239; x_wconf 90' lang='lat' dir='ltr'><strong>iussurum</strong></span> <span class='ocrx_word' id='word_1_80' title='bbox 312 1174 481 1258; x_wconf 91' lang='lat' dir='ltr'><strong>respoudit</strong></span> <span class='ocrx_word' id='word_1_81' title='bbox 495 1173 586 1237; x_wconf 89' lang='lat' dir='ltr'><strong>finito</strong></span> <span class='ocrx_word' id='word_1_82' title='bbox 600 1171 729 1239; x_wconf 89' lang='lat' dir='ltr'><strong>Persico</strong></span> <span class='ocrx_word' id='word_1_83' title='bbox 744 1173 837 1237; x_wconf 91' lang='lat' dir='ltr'><strong>bello.</strong></span> <span class='ocrx_word' id='word_1_84' title='bbox 869 1170 1019 1237; x_wconf 83' lang='lat' dir='ltr'><strong>Getarum</strong></span> <span class='ocrx_word' id='word_1_85' title='bbox 1031 1171 1143 1240; x_wconf 85' lang='lat' dir='ltr'><strong>Dareo</strong></span> 
     </span>
     <span class='ocr_line' id='line_1_13' title="bbox 130 1261 1144 1347; baseline 0.001 -20"><span class='ocrx_word' id='word_1_86' title='bbox 130 1263 312 1346; x_wconf 82' lang='lat' dir='ltr'><strong>imminens,</strong></span> <span class='ocrx_word' id='word_1_87' title='bbox 337 1284 431 1347; x_wconf 91' lang='lat' dir='ltr'><strong>quem</strong></span> <span class='ocrx_word' id='word_1_88' title='bbox 453 1261 598 1326; x_wconf 92' lang='lat' dir='ltr'><strong>nondum</strong></span> <span class='ocrx_word' id='word_1_89' title='bbox 619 1261 809 1344; x_wconf 80' lang='lat' dir='ltr'><strong>Euphraten</strong></span> <span class='ocrx_word' id='word_1_90' title='bbox 831 1282 998 1345; x_wconf 88' lang='lat' dir='ltr'><strong>superasse</strong></span> <span class='ocrx_word' id='word_1_91' title='bbox 1021 1281 1144 1346; x_wconf 89' lang='lat' dir='ltr'><strong>cogno·</strong></span> 
     </span>
    </p>

    <p class='ocr_par' dir='ltr' id='par_1_6' title="bbox 79 1349 1176 1501">
     <span class='ocr_line' id='line_1_14' title="bbox 79 1349 1176 1434; baseline 0 -20"><span class='ocrx_word' id='word_1_92' title='bbox 79 1353 80 1357; x_wconf 72' lang='grc'>’</span> <span class='ocrx_word' id='word_1_93' title='bbox 126 1354 225 1434; x_wconf 80' lang='lat' dir='ltr'><strong>verat,</strong></span> <span class='ocrx_word' id='word_1_94' title='bbox 238 1351 379 1434; x_wconf 88' lang='lat' dir='ltr'><strong>undique</strong></span> <span class='ocrx_word' id='word_1_95' title='bbox 394 1370 505 1414; x_wconf 91' lang='lat' dir='ltr'><strong>omnes</strong></span> <span class='ocrx_word' id='word_1_96' title='bbox 520 1351 628 1432; x_wconf 90' lang='lat' dir='ltr'><strong>copias</strong></span> <span class='ocrx_word' id='word_1_97' title='bbox 644 1349 813 1432; x_wconf 77' lang='lat' dir='ltr'><strong>contrahit,</strong></span> <span class='ocrx_word' id='word_1_98' title='bbox 825 1350 904 1414; x_wconf 89' lang='lat' dir='ltr'><strong>totis</strong></span> <span class='ocrx_word' id='word_1_99' title='bbox 919 1349 1040 1414; x_wconf 85' lang='lat' dir='ltr'><strong>viribus</strong></span> <span class='ocrx_word' id='word_1_100' title='bbox 1054 1351 1143 1414; x_wconf 88' lang='lat' dir='ltr'><strong>tanti</strong></span> <span class='ocrx_word' id='word_1_101' title='bbox 1173 1384 1176 1390; x_wconf 95' lang='lat'>·</span> 
     </span>
     <span class='ocr_line' id='line_1_15' title="bbox 127 1437 668 1501; baseline 0 -1"><span class='ocrx_word' id='word_1_102' title='bbox 127 1439 204 1500; x_wconf 89' lang='lat' dir='ltr'><strong>belli</strong></span> <span class='ocrx_word' id='word_1_103' title='bbox 227 1438 398 1501; x_wconf 89' lang='lat' dir='ltr'><strong>discrimen</strong></span> <span class='ocrx_word' id='word_1_104' title='bbox 420 1437 574 1501; x_wconf 87' lang='lat' dir='ltr'><strong>aditurus.</strong></span> <span class='ocrx_word' id='word_1_105' title='bbox 665 1478 668 1484; x_wconf 90' lang='lat'><strong>·</strong></span> 
     </span>
    </p>

    <p class='ocr_par' dir='ltr' id='par_1_7' title="bbox 76 1523 1179 1609">
     <span class='ocr_line' id='line_1_16' title="bbox 76 1523 1179 1609; baseline 0.001 -17"><span class='ocrx_word' id='word_1_106' title='bbox 76 1545 107 1592; x_wconf 89' lang='lat'><strong>11</strong></span> <span class='ocrx_word' id='word_1_107' title='bbox 215 1523 360 1608; x_wconf 86' lang='lat' dir='ltr'><strong>Phrygia</strong></span> <span class='ocrx_word' id='word_1_108' title='bbox 382 1527 460 1609; x_wconf 90' lang='lat' dir='ltr'><strong>erat,</strong></span> <span class='ocrx_word' id='word_1_109' title='bbox 481 1545 540 1607; x_wconf 88' lang='lat' dir='ltr'><strong>per</strong></span> <span class='ocrx_word' id='word_1_110' title='bbox 563 1546 659 1607; x_wconf 90' lang='lat' dir='ltr'><strong>quam</strong></span> <span class='ocrx_word' id='word_1_111' title='bbox 682 1524 856 1589; x_wconf 89' lang='lat' dir='ltr'><strong>ducebatur</strong></span> <span class='ocrx_word' id='word_1_112' title='bbox 878 1525 1047 1609; x_wconf 83' lang='lat' dir='ltr'><strong>exercitus,</strong></span> <span class='ocrx_word' id='word_1_113' title='bbox 1069 1525 1179 1609; x_wconf 78' lang='lat' dir='ltr'><strong>plu-2</strong></span> 
     </span>
    </p>

    <p class='ocr_par' dir='ltr' id='par_1_8' title="bbox 77 1608 1145 1874">
     <span class='ocr_line' id='line_1_17' title="bbox 77 1608 1144 1696; baseline -0.002 -16"><span class='ocrx_word' id='word_1_114' title='bbox 77 1633 108 1680; x_wconf 80' lang='lat'><strong>12</strong></span> <span class='ocrx_word' id='word_1_115' title='bbox 127 1612 217 1677; x_wconf 90' lang='lat' dir='ltr'><strong>ribus</strong></span> <span class='ocrx_word' id='word_1_116' title='bbox 248 1613 332 1677; x_wconf 65' lang='lat' dir='ltr'><strong>sicis</strong></span> <span class='ocrx_word' id='word_1_117' title='bbox 365 1634 462 1696; x_wconf 90' lang='lat' dir='ltr'><strong>quam</strong></span> <span class='ocrx_word' id='word_1_118' title='bbox 493 1612 627 1677; x_wconf 88' lang='lat' dir='ltr'><strong>urbibus</strong></span> <span class='ocrx_word' id='word_1_119' title='bbox 662 1610 821 1696; x_wconf 87' lang='lat' dir='ltr'><strong>frequens.</strong></span> <span class='ocrx_word' id='word_1_120' title='bbox 876 1613 966 1678; x_wconf 84' lang='lat' dir='ltr'><strong>Tunc</strong></span> <span class='ocrx_word' id='word_1_121' title='bbox 997 1608 1144 1678; x_wconf 84' lang='lat' dir='ltr'><strong>habebat</strong></span> 
     </span>
     <span class='ocr_line' id='line_1_18' title="bbox 127 1699 1145 1786; baseline 0.002 -22"><span class='ocrx_word' id='word_1_122' title='bbox 127 1701 269 1766; x_wconf 90' lang='lat' dir='ltr'><strong>nobilem</strong></span> <span class='ocrx_word' id='word_1_123' title='bbox 293 1701 456 1786; x_wconf 92' lang='lat' dir='ltr'><strong>quondam</strong></span> <span class='ocrx_word' id='word_1_124' title='bbox 478 1699 585 1764; x_wconf 90' lang='lat' dir='ltr'><strong>Midae</strong></span> <span class='ocrx_word' id='word_1_125' title='bbox 607 1700 738 1785; x_wconf 87' lang='lat' dir='ltr'><strong>regiam.</strong></span> <span class='ocrx_word' id='word_1_126' title='bbox 772 1699 925 1765; x_wconf 83' lang='lat' dir='ltr'><strong>Gordium</strong></span> <span class='ocrx_word' id='word_1_127' title='bbox 948 1722 1068 1765; x_wconf 91' lang='lat' dir='ltr'><strong>nomen</strong></span> <span class='ocrx_word' id='word_1_128' title='bbox 1090 1707 1145 1767; x_wconf 88' lang='lat' dir='ltr'><strong>est</strong></span> 
     </span>
     <span class='ocr_line' id='line_1_19' title="bbox 127 1787 1143 1874; baseline 0.003 -20"><span class='ocrx_word' id='word_1_129' title='bbox 127 1790 209 1874; x_wconf 90' lang='lat' dir='ltr'><strong>urbi,</strong></span> <span class='ocrx_word' id='word_1_130' title='bbox 232 1811 329 1874; x_wconf 90' lang='lat' dir='ltr'><strong>quam</strong></span> <span class='ocrx_word' id='word_1_131' title='bbox 344 1787 519 1874; x_wconf 86' lang='lat' dir='ltr'><strong>Sangarius</strong></span> <span class='ocrx_word' id='word_1_132' title='bbox 539 1790 642 1853; x_wconf 87' lang='lat' dir='ltr'><strong>amuis</strong></span> <span class='ocrx_word' id='word_1_133' title='bbox 659 1789 864 1873; x_wconf 85' lang='lat' dir='ltr'><strong>praeterfluit,</strong></span> <span class='ocrx_word' id='word_1_134' title='bbox 886 1791 958 1872; x_wconf 87' lang='lat' dir='ltr'><strong>pari</strong></span> <span class='ocrx_word' id='word_1_135' title='bbox 971 1789 1143 1857; x_wconf 88' lang='lat' dir='ltr'><strong>intervallo</strong></span> 
     </span>
    </p>

    <p class='ocr_par' dir='ltr' id='par_1_9' title="bbox 78 1874 1176 2139">
     <span class='ocr_line' id='line_1_20' title="bbox 78 1874 1145 1950; baseline -0.001 -5"><span class='ocrx_word' id='word_1_136' title='bbox 78 1897 109 1945; x_wconf 82' lang='lat'><strong>13</strong></span> <span class='ocrx_word' id='word_1_137' title='bbox 127 1877 263 1943; x_wconf 92' lang='lat' dir='ltr'><strong>Pontico</strong></span> <span class='ocrx_word' id='word_1_138' title='bbox 292 1881 325 1941; x_wconf 91' lang='lat' dir='ltr'><strong>et</strong></span> <span class='ocrx_word' id='word_1_139' title='bbox 347 1874 460 1941; x_wconf 78' lang='lat' dir='ltr'><strong>cilicio</strong></span> <span class='ocrx_word' id='word_1_140' title='bbox 487 1877 569 1940; x_wconf 90' lang='lat' dir='ltr'><strong>mari</strong></span> <span class='ocrx_word' id='word_1_141' title='bbox 587 1877 778 1950; x_wconf 89' lang='lat' dir='ltr'><strong>distantem.</strong></span> <span class='ocrx_word' id='word_1_142' title='bbox 821 1876 909 1941; x_wconf 87' lang='lat' dir='ltr'><strong>Inter</strong></span> <span class='ocrx_word' id='word_1_143' title='bbox 936 1877 1015 1942; x_wconf 87' lang='lat' dir='ltr'><strong>haec</strong></span> <span class='ocrx_word' id='word_1_144' title='bbox 1037 1879 1145 1944; x_wconf 85' lang='lat' dir='ltr'><strong>maria</strong></span> 
     </span>
     <span class='ocr_line' id='line_1_21' title="bbox 128 1963 1176 2051; baseline 0 -23"><span class='ocrx_word' id='word_1_145' title='bbox 128 1965 394 2050; x_wconf 87' lang='lat' dir='ltr'><strong>angustissimum</strong></span> <span class='ocrx_word' id='word_1_146' title='bbox 406 1963 504 2028; x_wconf 87' lang='lat' dir='ltr'><strong>Asiae</strong></span> <span class='ocrx_word' id='word_1_147' title='bbox 523 1965 663 2048; x_wconf 83' lang='lat' dir='ltr'><strong>spatium</strong></span> <span class='ocrx_word' id='word_1_148' title='bbox 682 1986 751 2029; x_wconf 88' lang='lat' dir='ltr'><strong>esse</strong></span> <span class='ocrx_word' id='word_1_149' title='bbox 769 1966 981 2051; x_wconf 90' lang='lat' dir='ltr'><strong>conperimus,</strong></span> <span class='ocrx_word' id='word_1_150' title='bbox 1003 1968 1144 2050; x_wconf 87' lang='lat' dir='ltr'><strong>utroque</strong></span> <span class='ocrx_word' id='word_1_151' title='bbox 1172 2021 1176 2028; x_wconf 92' lang='lat'><strong>.</strong></span> 
     </span>
     <span class='ocr_line' id='line_1_22' title="bbox 127 2052 1144 2139; baseline 0.004 -23"><span class='ocrx_word' id='word_1_152' title='bbox 127 2054 163 2116; x_wconf 93' lang='lat' dir='ltr'><strong>in</strong></span> <span class='ocrx_word' id='word_1_153' title='bbox 191 2056 278 2117; x_wconf 90' lang='lat' dir='ltr'><strong>artas</strong></span> <span class='ocrx_word' id='word_1_154' title='bbox 301 2052 409 2117; x_wconf 80' lang='lat' dir='ltr'><strong>fauces</strong></span> <span class='ocrx_word' id='word_1_155' title='bbox 433 2054 633 2136; x_wconf 87' lang='lat' dir='ltr'><strong>conpellente</strong></span> <span class='ocrx_word' id='word_1_156' title='bbox 655 2056 784 2117; x_wconf 88' lang='lat' dir='ltr'><strong>terram.</strong></span> <span class='ocrx_word' id='word_1_157' title='bbox 829 2053 917 2129; x_wconf 83' lang='lat' dir='ltr'><strong>Quae</strong></span> <span class='ocrx_word' id='word_1_158' title='bbox 942 2054 1017 2139; x_wconf 90' lang='lat' dir='ltr'><strong>quia</strong></span> <span class='ocrx_word' id='word_1_159' title='bbox 1039 2055 1144 2120; x_wconf 88' lang='lat' dir='ltr'><strong>conti·</strong></span> 
     </span>
    </p>

    <p class='ocr_par' dir='ltr' id='par_1_10' title="bbox 42 2138 1145 2313">
     <span class='ocr_line' id='line_1_23' title="bbox 42 2138 1145 2229; baseline 0.005 -25"><span class='ocrx_word' id='word_1_160' title='bbox 42 2138 46 2149; x_wconf 79' lang='lat'><em>&#39;</em></span> <span class='ocrx_word' id='word_1_161' title='bbox 127 2141 217 2204; x_wconf 89' lang='lat' dir='ltr'><strong>nenti</strong></span> <span class='ocrx_word' id='word_1_162' title='bbox 233 2140 406 2223; x_wconf 84' lang='lat' dir='ltr'><strong>adhaeret,</strong></span> <span class='ocrx_word' id='word_1_163' title='bbox 429 2141 485 2204; x_wconf 90' lang='lat' dir='ltr'><strong>sed</strong></span> <span class='ocrx_word' id='word_1_164' title='bbox 507 2162 627 2226; x_wconf 90' lang='lat' dir='ltr'><strong>magna</strong></span> <span class='ocrx_word' id='word_1_165' title='bbox 645 2144 797 2224; x_wconf 82' lang='lat' dir='ltr'><strong>exparte</strong></span> <span class='ocrx_word' id='word_1_166' title='bbox 820 2142 959 2226; x_wconf 85' lang='lat' dir='ltr'><strong>cingitur</strong></span> <span class='ocrx_word' id='word_1_167' title='bbox 980 2142 1145 2229; x_wconf 88' lang='lat' dir='ltr'><strong>fluctibus,</strong></span> 
     </span>
     <span class='ocr_line' id='line_1_24' title="bbox 128 2228 1144 2313; baseline 0.002 -20"><span class='ocrx_word' id='word_1_168' title='bbox 128 2229 267 2312; x_wconf 90' lang='lat' dir='ltr'><strong>speciem</strong></span> <span class='ocrx_word' id='word_1_169' title='bbox 288 2228 412 2292; x_wconf 89' lang='lat' dir='ltr'><strong>insulae</strong></span> <span class='ocrx_word' id='word_1_170' title='bbox 434 2230 567 2313; x_wconf 85' lang='lat' dir='ltr'><strong>praebet</strong></span> <span class='ocrx_word' id='word_1_171' title='bbox 589 2252 635 2313; x_wconf 89' lang='lat' dir='ltr'><strong>ac,</strong></span> <span class='ocrx_word' id='word_1_172' title='bbox 657 2229 721 2293; x_wconf 92' lang='lat' dir='ltr'><strong>nisi</strong></span> <span class='ocrx_word' id='word_1_173' title='bbox 739 2232 835 2293; x_wconf 92' lang='lat' dir='ltr'><strong>tenue</strong></span> <span class='ocrx_word' id='word_1_174' title='bbox 852 2230 1022 2295; x_wconf 87' lang='lat' dir='ltr'><strong>discrimen</strong></span> <span class='ocrx_word' id='word_1_175' title='bbox 1036 2230 1144 2295; x_wconf 91' lang='lat' dir='ltr'><strong>obice-</strong></span> 
     </span>
    </p>

    <p class='ocr_par' dir='ltr' id='par_1_11' title="bbox 78 2317 1175 2668">
     <span class='ocr_line' id='line_1_25' title="bbox 78 2317 1146 2401; baseline 0 -16"><span class='ocrx_word' id='word_1_176' title='bbox 78 2335 109 2385; x_wconf 83' lang='lat'><strong>14</strong></span> <span class='ocrx_word' id='word_1_177' title='bbox 126 2320 189 2399; x_wconf 92' lang='lat' dir='ltr'><strong>ret,</strong></span> <span class='ocrx_word' id='word_1_178' title='bbox 213 2337 297 2401; x_wconf 90' lang='lat' dir='ltr'><strong>quae</strong></span> <span class='ocrx_word' id='word_1_179' title='bbox 315 2337 402 2381; x_wconf 90' lang='lat' dir='ltr'><strong>nunc</strong></span> <span class='ocrx_word' id='word_1_180' title='bbox 425 2317 539 2380; x_wconf 85' lang='lat' dir='ltr'><strong>dividit</strong></span> <span class='ocrx_word' id='word_1_181' title='bbox 559 2319 670 2400; x_wconf 90' lang='lat' dir='ltr'><strong>maria,</strong></span> <span class='ocrx_word' id='word_1_182' title='bbox 692 2318 914 2382; x_wconf 90' lang='lat' dir='ltr'><strong>committeret.</strong></span> <span class='ocrx_word' id='word_1_183' title='bbox 957 2317 1146 2386; x_wconf 80' lang='lat' dir='ltr'><strong>Alexander</strong></span> 
     </span>
     <span class='ocr_line' id='line_1_26' title="bbox 126 2404 1145 2490; baseline 0.004 -20"><span class='ocrx_word' id='word_1_184' title='bbox 126 2405 206 2470; x_wconf 90' lang='lat' dir='ltr'><strong>urbe</strong></span> <span class='ocrx_word' id='word_1_185' title='bbox 233 2404 268 2469; x_wconf 90' lang='lat' dir='ltr'><strong>in</strong></span> <span class='ocrx_word' id='word_1_186' title='bbox 297 2405 455 2469; x_wconf 88' lang='lat' dir='ltr'><strong>dicionem</strong></span> <span class='ocrx_word' id='word_1_187' title='bbox 479 2426 569 2469; x_wconf 90' lang='lat' dir='ltr'><strong>suam</strong></span> <span class='ocrx_word' id='word_1_188' title='bbox 591 2407 720 2470; x_wconf 90' lang='lat' dir='ltr'><strong>redacta</strong></span> <span class='ocrx_word' id='word_1_189' title='bbox 741 2404 828 2470; x_wconf 83' lang='lat' dir='ltr'><strong>Iovis</strong></span> <span class='ocrx_word' id='word_1_190' title='bbox 851 2407 1008 2490; x_wconf 90' lang='lat' dir='ltr'><strong>templum</strong></span> <span class='ocrx_word' id='word_1_191' title='bbox 1028 2407 1145 2475; x_wconf 85' lang='lat' dir='ltr'><strong>intrat.</strong></span> 
     </span>
     <span class='ocr_line' id='line_1_27' title="bbox 127 2490 1145 2578; baseline 0.003 -20"><span class='ocrx_word' id='word_1_192' title='bbox 127 2492 332 2578; x_wconf 86' lang='lat' dir='ltr'><strong>Vehiculum,</strong></span> <span class='ocrx_word' id='word_1_193' title='bbox 363 2515 425 2578; x_wconf 91' lang='lat' dir='ltr'><strong>quo</strong></span> <span class='ocrx_word' id='word_1_194' title='bbox 449 2490 617 2577; x_wconf 84' lang='lat' dir='ltr'><strong>Gordium,</strong></span> <span class='ocrx_word' id='word_1_195' title='bbox 644 2493 751 2558; x_wconf 89' lang='lat' dir='ltr'><strong>Midae</strong></span> <span class='ocrx_word' id='word_1_196' title='bbox 773 2497 898 2577; x_wconf 90' lang='lat' dir='ltr'><strong>patrem</strong></span> <span class='ocrx_word' id='word_1_197' title='bbox 920 2499 1046 2560; x_wconf 82' lang='lat' dir='ltr'><strong>vectum</strong></span> <span class='ocrx_word' id='word_1_198' title='bbox 1070 2515 1145 2562; x_wconf 87' lang='lat' dir='ltr'><strong>esse</strong></span> 
     </span>
     <span class='ocr_line' id='line_1_28' title="bbox 127 2581 1175 2668; baseline 0.001 -21"><span class='ocrx_word' id='word_1_199' title='bbox 127 2583 306 2665; x_wconf 87' lang='lat' dir='ltr'><strong>constabat,</strong></span> <span class='ocrx_word' id='word_1_200' title='bbox 329 2582 461 2666; x_wconf 87' lang='lat' dir='ltr'><strong>aspexit,</strong></span> <span class='ocrx_word' id='word_1_201' title='bbox 484 2583 571 2646; x_wconf 92' lang='lat' dir='ltr'><strong>cultu</strong></span> <span class='ocrx_word' id='word_1_202' title='bbox 593 2581 679 2647; x_wconf 92' lang='lat' dir='ltr'><strong>haud</strong></span> <span class='ocrx_word' id='word_1_203' title='bbox 702 2604 780 2646; x_wconf 90' lang='lat' dir='ltr'><strong>sane</strong></span> <span class='ocrx_word' id='word_1_204' title='bbox 803 2605 823 2646; x_wconf 94' lang='lat' dir='ltr'><strong>a</strong></span> <span class='ocrx_word' id='word_1_205' title='bbox 844 2583 1011 2648; x_wconf 80' lang='lat' dir='ltr'><strong>vilioribus</strong></span> <span class='ocrx_word' id='word_1_206' title='bbox 1029 2583 1144 2668; x_wconf 82' lang='lat' dir='ltr'><strong>vulga·</strong></span> <span class='ocrx_word' id='word_1_207' title='bbox 1171 2634 1175 2641; x_wconf 91' lang='lat'><strong>.</strong></span> 
     </span>
    </p>

    <p class='ocr_par' dir='ltr' id='par_1_12' title="bbox 76 2668 1144 2842">
     <span class='ocr_line' id='line_1_29' title="bbox 76 2668 1144 2756; baseline 0.002 -20"><span class='ocrx_word' id='word_1_208' title='bbox 76 2671 232 2753; x_wconf 76' lang='lat' dir='ltr'><strong>istisque</strong></span> <span class='ocrx_word' id='word_1_209' title='bbox 254 2693 315 2735; x_wconf 89' lang='lat' dir='ltr'><strong>usu</strong></span> <span class='ocrx_word' id='word_1_210' title='bbox 338 2671 523 2736; x_wconf 88' lang='lat' dir='ltr'><strong>abhorrens.</strong></span> <span class='ocrx_word' id='word_1_211' title='bbox 554 2668 707 2735; x_wconf 88' lang='lat' dir='ltr'><strong>Notabile</strong></span> <span class='ocrx_word' id='word_1_212' title='bbox 730 2673 800 2733; x_wconf 87' lang='lat' dir='ltr'><strong>erat</strong></span> <span class='ocrx_word' id='word_1_213' title='bbox 820 2671 933 2756; x_wconf 89' lang='lat' dir='ltr'><strong>iugum</strong></span> <span class='ocrx_word' id='word_1_214' title='bbox 951 2672 1144 2739; x_wconf 84' lang='lat' dir='ltr'><strong>adstrictum</strong></span> 
     </span>
     <span class='ocr_line' id='line_1_30' title="bbox 127 2758 1144 2842; baseline 0.007 -22"><span class='ocrx_word' id='word_1_215' title='bbox 127 2758 334 2839; x_wconf 90' lang='lat' dir='ltr'><strong>conpluribus</strong></span> <span class='ocrx_word' id='word_1_216' title='bbox 357 2759 450 2822; x_wconf 91' lang='lat' dir='ltr'><strong>nodis</strong></span> <span class='ocrx_word' id='word_1_217' title='bbox 466 2759 501 2822; x_wconf 92' lang='lat' dir='ltr'><strong>in</strong></span> <span class='ocrx_word' id='word_1_218' title='bbox 520 2759 709 2842; x_wconf 87' lang='lat' dir='ltr'><strong>semetipsos</strong></span> <span class='ocrx_word' id='word_1_219' title='bbox 727 2758 891 2841; x_wconf 86' lang='lat' dir='ltr'><strong>inplicatis</strong></span> <span class='ocrx_word' id='word_1_220' title='bbox 910 2763 943 2823; x_wconf 92' lang='lat' dir='ltr'><strong>et</strong></span> <span class='ocrx_word' id='word_1_221' title='bbox 960 2759 1144 2834; x_wconf 81' lang='lat' dir='ltr'><strong>celantibus</strong></span> 
     </span>
    </p>

    <p class='ocr_par' dir='ltr' id='par_1_13' title="bbox 77 2844 1144 3109">
     <span class='ocr_line' id='line_1_31' title="bbox 77 2844 1144 2929; baseline 0.008 -22"><span class='ocrx_word' id='word_1_222' title='bbox 77 2864 110 2914; x_wconf 80' lang='lat' dir='ltr'><strong>rs</strong></span> <span class='ocrx_word' id='word_1_223' title='bbox 127 2865 237 2908; x_wconf 92' lang='lat' dir='ltr'><strong>nexus.</strong></span> <span class='ocrx_word' id='word_1_224' title='bbox 254 2844 374 2909; x_wconf 89' lang='lat' dir='ltr'><strong>Incolis</strong></span> <span class='ocrx_word' id='word_1_225' title='bbox 393 2845 504 2910; x_wconf 89' lang='lat' dir='ltr'><strong>deinde</strong></span> <span class='ocrx_word' id='word_1_226' title='bbox 521 2846 774 2929; x_wconf 83' lang='lat' dir='ltr'><strong>adfirmantibus,</strong></span> <span class='ocrx_word' id='word_1_227' title='bbox 792 2846 910 2911; x_wconf 91' lang='lat' dir='ltr'><strong>editam</strong></span> <span class='ocrx_word' id='word_1_228' title='bbox 925 2869 994 2913; x_wconf 87' lang='lat' dir='ltr'><strong>csse</strong></span> <span class='ocrx_word' id='word_1_229' title='bbox 1008 2850 1144 2916; x_wconf 89' lang='lat' dir='ltr'><strong>oraculo</strong></span> 
     </span>
     <span class='ocr_line' id='line_1_32' title="bbox 128 2930 1144 3019; baseline 0.009 -23"><span class='ocrx_word' id='word_1_230' title='bbox 128 2936 261 3016; x_wconf 92' lang='lat' dir='ltr'><strong>sortem,</strong></span> <span class='ocrx_word' id='word_1_231' title='bbox 292 2930 390 2996; x_wconf 87' lang='lat' dir='ltr'><strong>Asiae</strong></span> <span class='ocrx_word' id='word_1_232' title='bbox 419 2933 611 3017; x_wconf 87' lang='lat' dir='ltr'><strong>potiturum,</strong></span> <span class='ocrx_word' id='word_1_233' title='bbox 644 2935 699 3019; x_wconf 89' lang='lat' dir='ltr'><strong>qui</strong></span> <span class='ocrx_word' id='word_1_234' title='bbox 728 2934 950 3018; x_wconf 89' lang='lat' dir='ltr'><strong>inexplicabile</strong></span> <span class='ocrx_word' id='word_1_235' title='bbox 970 2937 1144 3005; x_wconf 75' lang='lat' dir='ltr'><strong>uinculum</strong></span> 
     </span>
     <span class='ocr_line' id='line_1_33' title="bbox 128 3020 1144 3109; baseline 0.006 -24"><span class='ocrx_word' id='word_1_236' title='bbox 128 3021 290 3103; x_wconf 84' lang='lat' dir='ltr'><strong>solvisset,</strong></span> <span class='ocrx_word' id='word_1_237' title='bbox 320 3020 435 3103; x_wconf 88' lang='lat' dir='ltr'><strong>cupido</strong></span> <span class='ocrx_word' id='word_1_238' title='bbox 458 3021 590 3085; x_wconf 88' lang='lat' dir='ltr'><strong>incessit</strong></span> <span class='ocrx_word' id='word_1_239' title='bbox 613 3023 720 3085; x_wconf 91' lang='lat' dir='ltr'><strong>animo</strong></span> <span class='ocrx_word' id='word_1_240' title='bbox 744 3024 841 3088; x_wconf 91' lang='lat' dir='ltr'><strong>sortis</strong></span> <span class='ocrx_word' id='word_1_241' title='bbox 865 3024 931 3088; x_wconf 93' lang='lat' dir='ltr'><strong>eius</strong></span> <span class='ocrx_word' id='word_1_242' title='bbox 956 3024 1144 3109; x_wconf 89' lang='lat' dir='ltr'><strong>explendae.</strong></span> 
     </span>
    </p>

    <p class='ocr_par' dir='ltr' id='par_1_14' title="bbox 76 3107 1144 3470">
     <span class='ocr_line' id='line_1_34' title="bbox 76 3107 1144 3200; baseline 0.003 -24"><span class='ocrx_word' id='word_1_243' title='bbox 76 3127 108 3176; x_wconf 73' lang='lat'><strong>1⁷</strong></span> <span class='ocrx_word' id='word_1_244' title='bbox 128 3107 220 3173; x_wconf 81' lang='lat' dir='ltr'><strong>Circa</strong></span> <span class='ocrx_word' id='word_1_245' title='bbox 248 3128 358 3193; x_wconf 89' lang='lat' dir='ltr'><strong>regem</strong></span> <span class='ocrx_word' id='word_1_246' title='bbox 385 3111 455 3172; x_wconf 91' lang='lat' dir='ltr'><strong>erat</strong></span> <span class='ocrx_word' id='word_1_247' title='bbox 481 3110 519 3171; x_wconf 78' lang='lat' dir='ltr'><strong>et&#39;</strong></span> <span class='ocrx_word' id='word_1_248' title='bbox 540 3107 704 3194; x_wconf 82' lang='lat' dir='ltr'><strong>Phrygum</strong></span> <span class='ocrx_word' id='word_1_249' title='bbox 733 3111 829 3175; x_wconf 89' lang='lat' dir='ltr'><strong>turba</strong></span> <span class='ocrx_word' id='word_1_250' title='bbox 859 3116 892 3176; x_wconf 89' lang='lat' dir='ltr'><strong>et</strong></span> <span class='ocrx_word' id='word_1_251' title='bbox 918 3111 1144 3200; x_wconf 81' lang='lat' dir='ltr'><strong>Macedonum,</strong></span> 
     </span>
     <span class='ocr_line' id='line_1_35' title="bbox 126 3196 1144 3302; baseline 0.008 -43"><span class='ocrx_word' id='word_1_252' title='bbox 126 3196 616 3299; x_wconf 36' lang='lat' dir='ltr'><strong>illa,expectationesuspensa,</strong></span> <span class='ocrx_word' id='word_1_253' title='bbox 644 3199 723 3299; x_wconf 79' lang='lat' dir='ltr'><strong>haec</strong></span> <span class='ocrx_word' id='word_1_254' title='bbox 747 3200 884 3301; x_wconf 82' lang='lat' dir='ltr'><strong>sollicita</strong></span> <span class='ocrx_word' id='word_1_255' title='bbox 907 3223 946 3265; x_wconf 88' lang='lat' dir='ltr'><strong>ex</strong></span> <span class='ocrx_word' id='word_1_256' title='bbox 967 3202 1144 3302; x_wconf 78' lang='lat' dir='ltr'><strong>temeraria</strong></span> 
     </span>
     <span class='ocr_line' id='line_1_36' title="bbox 126 3286 1143 3460; baseline 0.008 -24"><span class='ocrx_word' id='word_1_257' title='bbox 126 3304 211 3436; x_wconf 58' lang='lat' dir='ltr'><strong>ligii</strong></span> <span class='ocrx_word' id='word_1_258' title='bbox 234 3286 1143 3460; x_wconf 49' lang='lat' dir='ltr'><strong>tlt?‘nstitit{litttttltltsshtt</strong></span> 
     </span>
    </p>

    <p class='ocr_par' dir='ltr' id='par_1_15' title="bbox 26 3461 1143 3640">
     <span class='ocr_line' id='line_1_37' title="bbox 26 3461 1143 3549; baseline 0.006 -25"><span class='ocrx_word' id='word_1_259' title='bbox 26 3470 28 3475; x_wconf 83' lang='lat'>&#39;</span> <span class='ocrx_word' id='word_1_260' title='bbox 125 3482 185 3524; x_wconf 91' lang='lat' dir='ltr'><strong>nec</strong></span> <span class='ocrx_word' id='word_1_261' title='bbox 211 3461 282 3526; x_wconf 80' lang='lat' dir='ltr'><strong>visu</strong></span> <span class='ocrx_word' id='word_1_262' title='bbox 309 3463 447 3546; x_wconf 90' lang='lat' dir='ltr'><strong>perspici</strong></span> <span class='ocrx_word' id='word_1_263' title='bbox 473 3466 600 3546; x_wconf 90' lang='lat' dir='ltr'><strong>posset,</strong></span> <span class='ocrx_word' id='word_1_264' title='bbox 632 3463 753 3528; x_wconf 89' lang='lat' dir='ltr'><strong>solvere</strong></span> <span class='ocrx_word' id='word_1_265' title='bbox 784 3465 954 3549; x_wconf 87' lang='lat' dir='ltr'><strong>adgressus</strong></span> <span class='ocrx_word' id='word_1_266' title='bbox 983 3466 1143 3533; x_wconf 87' lang='lat' dir='ltr'><strong>iniecerat</strong></span> 
     </span>
     <span class='ocr_line' id='line_1_38' title="bbox 76 3550 1142 3640; baseline 0.001 -21"><span class='ocrx_word' id='word_1_267' title='bbox 76 3569 107 3619; x_wconf 78' lang='grc' dir='ltr'><strong>ιε</strong></span> <span class='ocrx_word' id='word_1_268' title='bbox 126 3570 236 3614; x_wconf 89' lang='lat' dir='ltr'><strong>curam</strong></span> <span class='ocrx_word' id='word_1_269' title='bbox 255 3550 292 3634; x_wconf 88' lang='lat' dir='ltr'><strong>ei,</strong></span> <span class='ocrx_word' id='word_1_270' title='bbox 310 3571 351 3615; x_wconf 92' lang='lat' dir='ltr'><strong>ne</strong></span> <span class='ocrx_word' id='word_1_271' title='bbox 370 3551 405 3614; x_wconf 93' lang='lat' dir='ltr'><strong>in</strong></span> <span class='ocrx_word' id='word_1_272' title='bbox 423 3561 518 3616; x_wconf 88' lang='lat' dir='ltr'><strong>omen</strong></span> <span class='ocrx_word' id='word_1_273' title='bbox 535 3554 712 3615; x_wconf 65' lang='lat' dir='ltr'><strong>veneretur</strong></span> <span class='ocrx_word' id='word_1_274' title='bbox 729 3552 855 3617; x_wconf 88' lang='lat' dir='ltr'><strong>irritum</strong></span> <span class='ocrx_word' id='word_1_275' title='bbox 872 3553 1045 3640; x_wconf 89' lang='lat' dir='ltr'><strong>inceptum.</strong></span> <span class='ocrx_word' id='word_1_276' title='bbox 1076 3553 1142 3620; x_wconf 88' lang='lat' dir='ltr'><strong>Ille</strong></span> 
     </span>
    </p>
   </div>
   <div class='ocr_carea' id='block_1_4' title="bbox 0 0 1216 3892">
    <p class='ocr_par' dir='ltr' id='par_1_16' title="bbox 0 0 1216 3892">
     <span class='ocr_line' id='line_1_39' title="bbox 0 0 1216 3892; baseline 0 0"><span class='ocrx_word' id='word_1_277' title='bbox 0 0 1216 3892; x_wconf 95' lang='lat' dir='ltr'><strong> </strong></span> 
     </span>
    </p>
   </div>
  </div>
 </body>
</html>
