2422 3892
141 170 161 232 6
274 252 277 260 .
512 167 544 234 Q.
563 168 673 223 GURTI
690 167 778 223 RUFI

141 313 383 380 distrinxerant:
416 312 472 376 alii
498 314 618 377 laetum
645 312 678 376 id
700 313 771 394 regi
794 312 955 377 somnium
978 333 1049 378 esse
1071 312 1156 378 dica-

140 402 229 483 bant,
252 401 337 485 quod
360 404 466 465 castra
487 401 631 466 hostium
650 401 811 484 arsissent,
835 399 921 485 quod
934 398 1157 466 Alexandrum

141 490 288 572 deposita
310 490 400 574 regia
422 492 509 553 veste
531 489 567 551 in
588 487 717 553 Persico
742 492 775 552 et
795 487 922 573 vulgari
944 488 1058 561 habitu
1080 511 1155 573 per·

107 577 272 646 eductum
295 577 336 642 ad
359 598 392 642 se
415 576 556 641 vidisset
601 576 739 652 Quidam
762 580 875 641 contra
897 577 1156 661 augurabantur:

142 667 259 750 quippe
281 666 420 730 illustria
437 663 648 730 Macedonum
671 667 777 729 castra
798 665 867 729 risa
885 664 1044 749 fulgorem
1071 669 1149 736 Ale-

140 754 261 818 xandro
281 753 480 836 portendere,
505 753 590 837 quod
614 757 722 818 vestem
744 752 902 819 Persicam
924 773 971 817 ae·
988 753 1157 838 vulgarem
1205 822 1208 828 ,

141 843 320 925 habuisset,
351 841 438 907 haud
467 842 616 926 ambigue
643 863 779 927 regnum
801 840 914 924 Asiae,
946 842 1099 926 quoniam
1120 843 1158 907 in

143 931 254 996 eodem
276 930 390 994 habitu
412 929 537 994 Dareus
560 930 688 1013 fuisset,
718 951 789 995 cum
814 930 994 1013 appellatus
1018 934 1069 995 est
1089 951 1157 994 rex.

108 1017 262 1088 aVetera
288 1040 415 1103 quoque
444 1018 565 1100 omina,
595 1018 720 1082 utfere
742 1019 791 1100 ιιι,
822 1017 1003 1083 sollicitudo
1026 1039 1157 1083 revoca-

110 1111 247 1172 .:verat
276 1107 487 1172 recensebant
510 1107 595 1170 enim
617 1105 797 1171 Dareum
786 1127 822 1170 m
848 1106 1007 1190 principio
1030 1106 1159 1191 imperii

40 1264 41 1270 ἵ
142 1197 294 1281 raginam
317 1195 455 1260 acinacis
473 1193 666 1260 Persicam
656 1195 789 1260 russisse
809 1195 956 1259 mutari
946 1216 981 1258 ιιι
1001 1216 1071 1258 eam
1090 1195 1158 1259 for·
1201 1195 1210 1222 “’

100 1307 238 1368 mam,
261 1307 324 1369 qua
343 1283 457 1349 Graeci
479 1278 653 1367 uterentur,
675 1283 887 1367 protinusque
906 1281 1118 1348 Chaldaeos
1107 1305 1158 1347 ιιι-

143 1375 351 1456 terpretatos,
382 1372 552 1472 imperium
579 1370 750 1436 Persarum
782 1371 823 1435 ad
852 1392 907 1437 eos
936 1371 1160 1456 transiturum,

109 1480 278 1545 rquorum
308 1481 397 1523 arma
420 1460 537 1524 esset
527 1459 585 1522 1mi
584 1461 680 1523 tatus.
726 1457 785 1523 Oet
770 1461 876 1524 terum
898 1460 968 1544 ipse
991 1463 1024 1523 et
1045 1462 1159 1524 ratum

143 1569 309 1631 responso,
332 1546 418 1631 quod
441 1546 594 1610 edebatur
616 1546 652 1610 in
668 1548 794 1632 vulgus,
817 1551 850 1612 et
869 1548 982 1632 specie,
1005 1568 1086 1632 quae
1100 1569 1160 1631 per

145 1657 293 1701 somnum
321 1635 431 1699 oblata
459 1639 540 1717 erat,
572 1634 743 1700 admodum
771 1637 876 1701 laetus
899 1640 1005 1701 castra
1028 1635 1069 1700 ad
1090 1634 1160 1700 Eu·

144 1725 282 1808 phraten
304 1723 425 1788 moveri
446 1685 545 1787 iubet,
988 1748 991 1754 ·

109 1833 125 1881 a
211 1811 341 1878 Patrio
364 1833 453 1877 more
475 1809 647 1876 Persarum
668 1767 823 1876 traditum
846 1815 896 1877 est
918 1815 989 1878 orto
1013 1814 1080 1878 sole
1103 1811 1159 1878 de·
1176 1814 1195 1880 7

144 1925 232 1966 mum
259 1901 438 2003 procedere.
483 1899 580 1964 Die
570 1922 636 1964 ram
661 1901 780 1965 illustri
807 1901 936 1985 signum
964 1922 981 1965 e
1009 1901 1159 1965 taberna·

144 1991 216 2053 culo
239 1990 324 2073 regis
347 1988 464 2053 bucina
486 1988 630 2053 dabatur.
672 1987 775 2073 Super
796 1989 1049 2072 tabernaculum,
1072 1989 1160 2054 unde

141 2077 186 2142 'ab
214 2077 362 2141 omnibus
386 2077 527 2160 conspici
548 2079 671 2161 posset,
702 2078 810 2162 imago
835 2078 911 2142 solis
935 2077 1085 2160 crystallo
1107 2077 1159 2142 in-

110 2165 235 2234 aclusa
257 2165 410 2250 fulgebat
448 2163 534 2230 Ordo
557 2169 665 2230 autem
688 2166 826 2251 agminis
850 2169 919 2229 erat
940 2166 1025 2229 talis.
1056 2164 1160 2251 Ignis,

146 2275 240 2336 quem
263 2254 326 2336 ipsi
349 2274 476 2317 sacrum
499 2257 532 2318 et
554 2257 719 2318 aeteruum
740 2254 907 2338 vocabant,
930 2253 1091 2339 argenteis
1111 2255 1159 2319 al-

94 2362 126 2410 10
144 2342 269 2405 taribus
296 2340 546 2425 praeferebatur.
590 2342 680 2426 Magi
704 2343 840 2426 proximi
863 2342 1004 2426 patrium
1027 2362 1160 2407 emman

145 2431 310 2495 canebant.
344 2428 459 2515 Magos
476 2431 612 2494 trecenti
631 2433 663 2494 et
681 2431 848 2515 sexaginta
867 2431 1007 2515 quinque
1025 2431 1160 2497 iuvenes

145 2520 360 2605 sequebantur
377 2519 522 2602 puniceis
541 2519 685 2584 amiculis
704 2520 810 2602 velati,
834 2518 945 2583 diebus
963 2518 1064 2583 totius
1079 2520 1161 2585 anm'

143 2630 236 2692 pares
263 2629 412 2673 numero:
451 2609 568 2692 quippe
590 2606 696 2672 Persis
722 2629 849 2693 quoque
871 2606 906 2671 in
929 2607 1064 2672 totidem
1087 2607 1160 2674 dies

93 2715 124 2762 11
145 2696 315 2779 discriptus
348 2699 397 2761 est
428 2719 539 2761 annus.
584 2695 720 2762 Currum
752 2695 865 2759 deinde
894 2695 964 2760 Iovi
996 2697 1161 2761 sacratum

145 2783 288 2847 albentes
324 2784 486 2848 vehebant
521 2785 611 2868 equi:
656 2785 716 2849 hos
752 2783 887 2848 eximiae
923 2783 1160 2869 magnitudinis

146 2892 258 2972 equus,
293 2893 388 2956 quem
419 2870 503 2936 Solis
533 2872 752 2956 appellabant,
783 2873 985 2957 sequebatur.
1030 2870 1160 2938 Aureae

94 2980 125 3028 12
145 2958 254 3043 virgae
274 2962 307 3023 et
292 2959 416 3040 talbae¹
430 2961 535 3024 vestes
549 2964 696 3044 regentes
711 2982 811 3046 equos
824 2951 1033 3026 adbrnabant.
1060 2959 1162 3027 Haud

98 3047 257 3130 .procul
286 3050 378 3111 erant
363 3025 552 3112 trebioula
581 3048 689 3113 decem
718 3049 820 3114 multo
851 3071 928 3114 auro
957 3051 1162 3135 argentoque

94 3157 126 3206 ra
145 3136 277 3200 caelata
313 3133 514 3220 Sequebatur
534 3135 615 3202 haec
638 3137 760 3221 equitat
761 3159 798 3202 us
822 3136 989 3222 duodecim
1012 3136 1162 3223 gentium

145 3224 244 3289 variis
267 3225 365 3290 armis
389 3228 422 3288 et
443 3225 595 3289 moribus
638 3223 781 3290 Proximi
802 3211 896 3290 ibant
881 3229 1017 3310 t,quos
1040 3223 1162 3292 Persae

144 3311 348 3379 Immortales
370 3316 497 3392 vocant,
474 3313 561 3377 tad
579 3312 688 3378 decem
706 3314 804 3379 milia.
841 3276 954 3379 Cultus
973 3313 1210 3401 opulentiae

145 3401 302 3466 barbarae
324 3423 392 3466 non
415 3363 497 3467 aliod
518 3403 621 3486 magis
606 3402 761 3477 shonest
762 3403 854 3466 abst:
886 3403 934 3466 illi
958 3423 1070 3467 aureos
1093 3404 1163 3468 tor·

122 3511 228 3571 ques,
250 3490 301 3553 illi
325 3493 446 3555 restem
470 3513 547 3556 auro
570 3491 757 3556 distinctam
774 3490 940 3555 habebant
965 3490 1163 3556 manicatas-

56 3585 98 3628 14
117 3591 184 3649 9118
214 3578 360 3665 tumbas,
388 3581 537 3668 gemmis
561 3581 664 3648 etiam
687 3579 872 3648 edomatas.
909 3578 1040 3662 bargus
1059 3578 1163 3645 intar-
