2422 3892
128 154 191 217 162
495 152 527 218 Q.
547 150 654 207 OURTI
672 152 758 207 RUFI

72 318 107 367 28
125 298 238 381 ltaque
257 295 310 380 qui
329 299 500 360 transcunt
518 316 663 378 campos,
681 295 906 379 navigantium
922 294 1017 359 modo
1036 300 1142 362 noctu

126 386 232 450 sidera
250 385 438 467 observant,
461 383 501 447 ad
524 404 660 467 quorum
680 404 808 448 cursum
830 384 892 448 iter
916 382 1077 468 dirigunt:
1107 388 1142 449 et

125 473 356 558 propemodum
392 471 510 536 clarior
552 475 602 536 eat
636 472 741 538 noctis
782 474 896 537 umbra
932 493 1029 556 quam
1063 472 1141 537 lux:

72 583 106 632 ao
127 564 219 645 [ergo
250 560 391 625 interdiu
423 558 511 624 invia
543 563 594 624 est
621 561 725 644 regio,
758 560 833 644 quia
862 581 921 624 nec
949 560 1140 645 vestigium,

126 649 211 733 quod
240 652 430 732 sequantur,
456 648 624 711 inveniunt
650 651 683 712 et
710 648 798 713 nitor
825 648 965 712 siderum
993 648 1140 733 caligine

100 742 103 748 '
126 738 355 817 absconditur]
393 733 542 801 Ceterum
561 736 590 799 si
613 758 692 819 quos
711 736 767 800 ille
786 740 914 819 ventus,
937 735 993 820 qui
1011 758 1032 800 a
1049 738 1140 802 mari

73 847 106 894 30
127 826 282 907 exoritur,
305 823 528 908 deprehendit,
550 824 672 888 harena
695 824 811 890 obruit.
852 824 914 890 sed
937 845 1000 908 qua
1022 825 1140 889 mitior

125 917 214 978 terra
252 917 314 998 est,
354 912 469 997 ingens
505 912 671 976 hominum
707 933 922 997 equorumque
958 912 1140 978 multitudo

74 1022 106 1069 er
127 1002 279 1087 gignitur.
328 999 441 1085 Itaque
468 998 636 1065 Bactriani
667 1001 791 1085 equites
817 1023 881 1065 xxx
907 1000 998 1065 milia
1029 1003 1140 1084 exple·

126 1093 247 1154 verant.
274 1088 352 1172 Ipsa
365 1089 498 1173 Bactra,
516 1089 658 1173 regionis
677 1089 746 1153 eius
766 1093 876 1172 caput,
895 1088 959 1153 sita
977 1091 1055 1153 sunt
1073 1090 1138 1155 sub

126 1181 236 1243 monte
258 1177 478 1261 Parapamiso.
522 1175 657 1241 Bactrus
686 1177 789 1242 amnis
817 1177 974 1260 praeterit
995 1177 1139 1243 moenia.

125 1267 158 1331 Is
181 1266 253 1331 urbi
277 1269 310 1330 et
331 1266 456 1351 regioni
478 1265 566 1329 dedit
588 1286 713 1330 nomen.

73 1374 106 1423 32
212 1353 276 1418 Hic
305 1355 374 1439 regi
406 1354 527 1418 stativa
560 1352 693 1417 habenti
726 1353 895 1418 nuntiatur
926 1375 965 1418 ex
997 1352 1194 1421 Graecialt)

125 1442 433 1524 Peloponnesiorum
470 1440 696 1524 Laconumque
736 1441 873 1507 defectio
911 1477 949 1488 -
987 1441 1139 1508 nondum

126 1530 211 1593 enim
238 1529 316 1593 victi
345 1532 450 1611 erant,
477 1550 549 1594 cum
576 1529 853 1611 proficiscerentur
880 1529 1040 1596 turnultus
1064 1531 1138 1596 eius

125 1617 284 1700 principia
310 1616 490 1681 nuntiaturi
518 1652 559 1662 -
588 1621 621 1680 et
648 1617 731 1682 alius
763 1638 914 1700 praesens
946 1620 1050 1683 terror
1082 1619 1139 1684 ad·

114 1705 241 1793 ⁸fertur,
264 1702 415 1790 Scythas,
439 1704 494 1789 qui
516 1705 602 1770 ultra
620 1704 757 1770 Tanaim
781 1728 907 1771 amnem
932 1706 1055 1789 colunt,
1081 1708 1138 1772 ad·

125 1798 256 1860 ventare
279 1792 380 1858 Besso
408 1793 545 1858 ferentes
570 1815 673 1876 opem.
718 1793 840 1859 Eodem
864 1797 1022 1879 tempore,
1050 1815 1139 1877 quae

124 1883 159 1947 in
197 1887 292 1967 gente
325 1881 475 1947 Ariorum
510 1879 654 1946 Caranus
694 1886 726 1947 ct
762 1881 917 1966 Erigyius
955 1888 1138 1968 gesserant,

72 1990 107 2038 es
124 1970 338 2053 perferuntur.
384 1967 599 2035 Commissum
627 1973 697 2034 erat
726 1971 885 2053 proelium
917 1969 1001 2035 inter
1028 1970 1138 2037 Mace

124 2059 224 2123 donas
263 2057 433 2140 Ariosque.
492 2056 676 2142 Transfuga
717 2055 942 2123 Satibarzanes
982 2058 1137 2126 barbaris

124 2148 284 2228 praeerat:
318 2145 373 2228 qui
402 2167 474 2210 cum
504 2165 647 2230 pugnam
674 2165 804 2230 segnem
831 2147 992 2230 utrimque
1021 2149 1137 2232 aequis

124 2233 249 2298 viribus
277 2236 363 2298 stare
391 2233 534 2316 vidisset,
562 2234 597 2298 in
623 2234 744 2317 primos
774 2234 901 2299 ordines
930 2236 1138 2319 adequitavit

125 2323 316 2407 demptaque
339 2321 433 2406 galea
456 2321 618 2405 inhibitis,
640 2324 695 2407 qui
719 2323 785 2386 tela
807 2323 984 2406 iaciebant,
1008 2323 1136 2408 siquis

125 2411 247 2475 viritim
266 2409 419 2474 dimicare
437 2410 549 2494 vellet,
567 2410 755 2493 provocavit
774 2411 815 2474 ad
833 2431 989 2494 pugnam:
1008 2411 1136 2479 nudum

72 2518 106 2567 34
126 2521 159 2563 se
183 2501 280 2581 caput
302 2499 336 2562 in
355 2499 529 2563 certamine
551 2498 746 2562 habiturum.
781 2498 859 2565 Non
877 2499 955 2563 tulit
976 2499 1137 2566 ferociam

125 2588 255 2652 barbari
283 2588 346 2652 dux
373 2586 460 2651 illius
489 2587 645 2652 exercitus
673 2586 834 2670 Eriqyius,
864 2588 973 2672 gravis
1001 2588 1136 2671 quidem

125 2678 245 2759 aetate,
269 2675 324 2740 sed
348 2678 381 2739 et
403 2675 503 2739 animi
524 2679 556 2739 et
574 2675 718 2758 corporis
741 2675 856 2740 robore
875 2676 957 2740 nulli
979 2675 1136 2743 iuvenum

124 2763 356 2845 postferendus.
410 2762 443 2827 Is
480 2763 574 2845 galea
606 2765 737 2847 dempta
769 2764 920 2828 canitiem
952 2768 1136 2849 ostentans,

125 2849 256 2934 ‘Venit',
279 2851 397 2934 inquit,
420 2850 512 2934 ‘dies,
543 2872 606 2935 quo
630 2855 686 2916 aut
709 2853 843 2917 victoria
867 2857 924 2916 aut
946 2855 1050 2917 morte
1073 2853 1136 2920 ho-

123 2938 323 3023 nestissima,
343 2938 453 3020 quales
473 2941 593 3004 amicos
612 2943 646 3004 et
664 2940 782 3004 milites
799 2939 984 3006 Alexander
1001 2940 1137 3028 habeat,

71 3046 104 3094 35
124 3025 313 3092 ostendam'.
344 3024 413 3090 Nec
431 3027 526 3108 plura
549 3030 692 3093 elocutus
712 3051 828 3114 equum
851 3028 885 3093 in
907 3029 1035 3094 hostem
1054 3031 1137 3113 egit.

124 3114 277 3181 Crederes
296 3115 501 3198 imperatum,
519 3119 555 3180 ut
575 3117 659 3181 acies
678 3121 831 3201 utraeque
852 3118 916 3182 tela
935 3117 1136 3186 cohiberent.

123 3203 276 3269 Protinus
300 3207 385 3268 certe
414 3209 615 3270 recesserunt
637 3206 711 3270 dato
740 3206 841 3270 libero
865 3205 984 3289 spatio,
1012 3206 1136 3272 intenti

123 3292 156 3355 in
180 3297 329 3358 eventum
351 3313 417 3357 non
440 3294 555 3359 ducum
579 3294 688 3376 mode,
717 3294 772 3358 sed
796 3293 892 3358 etiam
922 3315 999 3359 suae
1023 3296 1136 3379 sortis,

71 3400 104 3449 ce
124 3380 242 3465 quippe
273 3381 415 3445 alienum
448 3381 620 3447 discrimen
651 3382 799 3446 secuturi.
848 3380 942 3446 Prior
973 3383 1134 3448 barbarus

123 3469 230 3534 emisit
257 3470 399 3534 hastam:
432 3492 528 3554 quam
556 3470 707 3555 Erigyius
736 3469 860 3534 modica
889 3471 1003 3554 capitis
1035 3471 1135 3536 decli·

103 3558 243 3624 natione
267 3559 388 3628 vitavit
412 3562 512 3648 atque
535 3559 606 3646 ipse
626 3557 781 3625 intestam
803 3559 942 3623 sarisam
963 3579 1044 3640 equo
1068 3560 1135 3626 cal·
