2422 3892
121 141 189 205 280
500 145 532 204 Q.
552 139 662 194 cunm
679 140 767 194 RUFI

72 303 102 343 ac
118 286 229 370 regiae
255 288 349 367 parte
367 283 409 348 ad
431 283 622 366 Euphraten
643 284 755 367 fugam
782 283 963 347 intendunt
998 283 1136 366 Equita-

119 378 184 454 tus,
206 373 262 457 qui
285 395 324 437 ex
346 371 555 436 nobilissimis
571 372 726 436 iuvenum
743 373 924 453 constabat,
946 371 1136 435 Perdiccam

120 467 154 526 et
166 460 368 525 Leonnatum
382 459 534 543 frequens
547 459 742 544 sequebatur
755 459 966 543 placebatque
981 458 1135 524 excedere

63 563 99 611 ιι
120 549 200 614 urbe
228 555 262 613 et
287 548 417 612 tendere
439 548 475 610 in
501 549 633 630 campis.
678 545 741 612 Sed
767 547 921 611 Perdicca
942 568 983 610 ne
1006 545 1134 630 pedites

120 636 251 721 quidem
282 641 448 701 secuturos
478 635 586 718 ipsum
617 636 822 719 desperabat:
854 636 978 718 itaque,
1008 654 1050 697 ne
1079 635 1135 698 ab·

121 725 265 790 ducendo
288 725 413 807 equites
436 724 605 807 abrupisse
623 747 644 788 a
663 730 770 788 cetero
794 725 936 793 exercitu
961 722 1136 806 videretur,

120 815 156 878 in
178 814 258 877 urbe
282 813 439 875 subsistit

532 969 612 1035 Gar.
635 968 724 1034 VIIL

87 1090 102 1137 1
211 1079 258 1139 At
278 1075 442 1160 Meleager
463 1096 575 1161 regem
597 1096 728 1139 monere
750 1095 817 1139 non
839 1075 976 1158 destitit,
999 1076 1052 1138 ius
1074 1073 1185 1138 im-at

120 1163 205 1247 perii
231 1163 404 1229 Perdiccae
430 1169 535 1228 morte
562 1163 768 1228 sanciendum
790 1184 875 1228 esse:
902 1164 938 1227 ni
959 1167 1136 1246 occupetur

85 1265 104 1312 a
121 1252 271 1336 inpotens
290 1253 425 1335 animus,
446 1273 499 1316 res
516 1257 719 1316 novaturum
749 1249 936 1316 Meminisse
954 1272 1038 1333 eum,
1056 1251 1136 1335 quid

122 1340 161 1404 de
179 1361 258 1425 rege
275 1342 459 1421 meruisset,
481 1340 643 1404 neminem
654 1344 770 1404 autem
788 1341 818 1403 ei
836 1341 917 1404 satis
935 1341 1035 1403 fidum
1055 1361 1137 1422 esse,

122 1449 219 1510 quem
245 1432 380 1492 metuat
424 1427 495 1491 Rex
521 1428 705 1510 patiebatur
727 1427 833 1510 magis
855 1450 954 1511 quam
976 1428 1136 1492 adsentie-

121 1515 227 1580 batur.
267 1514 382 1598 Itaque
403 1514 567 1599 Meleager
589 1514 755 1578 silentium
776 1536 836 1599 pro
854 1516 991 1598 imperio
1009 1515 1136 1580 habuit

87 1615 105 1662 a
124 1602 218 1666 Misit
234 1604 321 1687 regis
339 1603 483 1683 nomine,
504 1603 561 1686 qui
578 1602 764 1667 Perdiccam
783 1609 996 1668 accerserent:
1018 1604 1134 1668 iisdem

122 1691 326 1776 mandatum,
356 1695 394 1756 ut
424 1691 621 1775 occiderent,
650 1691 679 1756 si
705 1691 814 1756 venire
840 1692 1014 1758 dubitaret
1057 1691 1135 1757 Per·

121 1780 213 1845 dicca
247 1781 400 1846 nuntiato
436 1781 616 1846 satellitum
651 1780 792 1845 adventu
826 1780 964 1845 sedecim
1000 1781 1136 1845 omnino

121 1869 231 1951 pueris
253 1870 363 1952 regiae
386 1869 530 1934 cohortis
549 1869 721 1934 comitatus
739 1870 774 1932 in
791 1869 905 1932 limine
923 1868 1037 1932 domus
1057 1889 1137 1933 suae

122 1957 272 2021 constitit
292 1959 533 2039 castigatosque
551 1961 586 2020 et
603 1955 760 2040 Meleagri
778 1956 940 2039 mancipia
956 1956 1135 2020 identidem

122 2043 294 2126 appellans
311 2045 359 2108 sic
377 2045 478 2107 animi
495 2043 669 2126 vultusque
687 2046 870 2108 constantia
886 2045 1011 2125 terruit,
1028 2045 1137 2109 utrix
1194 2110 1196 2114 Α

87 2144 106 2190 4
123 2130 242 2194 mentis
261 2134 427 2214 compotes
440 2131 598 2216 fugerent
628 2129 783 2195 Perdicca
795 2153 912 2214 pueros
926 2154 1025 2217 equos
1037 2131 1138 2197 iussit

122 2217 335 2284 conscendere
362 2222 396 2282 et
423 2238 495 2282 cum
521 2219 633 2302 paucis
660 2218 838 2284 amicorum
864 2220 906 2284 ad
932 2219 1137 2286 Leonnatum

122 2307 282 2392 pervenit,
305 2307 373 2371 iam
395 2305 539 2370 firmiore
561 2307 721 2390 praesidio
739 2308 806 2372 rim
824 2310 1084 2391 propulsaturus,
1108 2309 1137 2372 si

85 2407 104 2454 5
123 2396 196 2480 quis
214 2396 358 2460 inferret
383 2394 520 2459 Postera
533 2395 584 2459 die
596 2395 732 2478 indigna
744 2417 796 2458 res
808 2394 1039 2462 Macedonibus
1052 2396 1137 2461 vide·

123 2485 233 2567 batur,
259 2483 447 2548 Perdiccam
475 2483 516 2547 ad
543 2483 658 2547 mortis
685 2483 865 2565 periculum
891 2482 1080 2568 adductum,
1103 2490 1137 2548 et

123 2573 282 2656 Meleagri
317 2571 536 2637 temeritatem
572 2571 671 2636 armis
701 2571 808 2635 ultum
840 2571 888 2634 ire
920 2571 1137 2638 decreverant.

88 2673 107 2721 o
125 2661 234 2745 Atque
251 2660 318 2741 ille,
336 2658 495 2724 seditione
513 2661 643 2743 provisa
661 2680 733 2724 cum
751 2679 861 2744 regem
875 2660 1021 2743 accisset,
1038 2663 1136 2725 inter·

123 2770 242 2833 rogare
274 2770 348 2811 eum
380 2749 498 2831 coepit,
531 2771 573 2812 an
600 2746 787 2812 Perdiccam
819 2748 1036 2831 conprehendi
1066 2750 1138 2832 ipse

123 2838 281 2901 iussisset.
324 2834 387 2899 Ille
413 2835 571 2920 Meleagri
598 2836 755 2900 instinctu
782 2856 817 2899 se
842 2836 978 2901 iussisse
1004 2858 1138 2920 respon·

124 2925 185 3006 dit,
218 2929 359 2987 ceterum
392 2945 458 2987 non
488 2924 603 2988 debere
631 2923 824 2987 tumultuari
851 2944 920 3002 eos,
951 2924 1138 2990 Perdiccam

86 3024 105 3073 ἰ
124 3013 212 3078 enim
229 3012 347 3077 vivere.
373 3011 480 3096 Igitur
497 3013 647 3076 contione
661 3012 795 3075 dimissa
808 3010 974 3097 Meleager
991 3015 1137 3097 equitum
1147 3013 1190 3076 26

123 3101 265 3165 maxime
301 3099 479 3165 defectione
515 3100 705 3182 perterritus
740 3101 899 3185 inopsque
937 3101 1067 3166 consilii
1095 3137 1136 3147 —

124 3190 243 3274 quippe
275 3189 310 3254 in
341 3189 451 3273 ipsum
482 3188 660 3270 periculum
691 3188 862 3271 reciderat,
895 3188 979 3272 quod
1007 3189 1139 3254 inimico

124 3278 316 3361 pauloante
341 3276 524 3342 intenderat
543 3313 584 3322 -
604 3277 748 3341 triduum
775 3276 842 3340 fere
870 3279 1072 3361 consumpsit
1092 3279 1138 3342 in-

87 3370 215 3432 acerta
241 3366 379 3431 consilia
405 3364 572 3431 volvendo.
627 3365 671 3429 Et
703 3364 841 3447 pristina
873 3365 1002 3447 quidem
1027 3367 1140 3449 regiae

125 3454 249 3539 species
268 3455 430 3537 manebat,
448 3474 525 3516 nam
544 3457 578 3516 et
595 3452 697 3536 legati
715 3451 860 3534 gentium
878 3472 988 3537 regem
1006 3454 1140 3519 adibant

124 3549 159 3610 et
187 3542 354 3628 copiarum
386 3541 481 3606 duces
514 3539 648 3605 aderant
680 3544 714 3606 et
744 3541 942 3605 vestibulum
978 3542 1140 3606 satellites
