2422 3892
133 182 199 247 244
507 183 538 249 o.
558 180 772 237 cucusum

133 349 186 392 me
204 327 319 392 iudico.
351 325 420 392 Vos
439 326 524 391 enim
542 325 729 390 diuturnum
748 325 889 390 fructum
908 347 947 390 ex
966 346 1031 409 me,
1050 325 1149 391 forsi-

134 419 192 480 tan
209 415 310 481 etiam
327 418 518 501 perpetuum
536 415 701 499 percipere
715 414 866 498 cupiatis:
885 434 946 498 ego
961 435 1012 478 me
1026 413 1149 479 metior

83 515 115 564 19
134 525 200 569 non
219 504 336 569 aetatis
355 504 477 588 spatio,
495 503 551 567 sed
570 502 701 586 gloriae.
737 502 846 567 Licuit
863 502 1008 588 paternis
1021 502 1147 587 opibus

135 597 287 658 contento
307 594 394 656 intra
407 590 612 657 Macedoniae
630 591 787 656 terminos
805 612 864 675 per
881 591 986 655 otium
1002 590 1147 674 corporis

136 684 305 765 expectare
332 680 503 746 obscuram
531 683 565 745 et
590 679 767 764 ignobilem
796 683 1008 763 senectutem,
1037 699 1148 763 quam·

136 791 233 853 quam
255 790 296 834 ne
318 768 405 853 pigri
427 768 557 854 quidem
574 767 639 832 sibi
660 767 731 832 fata
748 768 923 851 disponunt
940 767 997 832 sed
1016 767 1148 832 unicum

135 857 256 922 bonum
292 857 479 922 diuturnam
512 857 615 922 vitam
647 857 870 922 existimantes
902 877 999 939 saepe
1032 855 1148 921 acerba

135 966 224 1010 mors
248 948 394 1029 occupat.
430 944 552 1011 Verum
575 966 650 1031 ego,
673 944 816 1029 quinon
840 966 941 1010 annos
963 965 1066 1028 meos,
1090 943 1147 1009 sed

135 1033 289 1100 victorias
315 1055 464 1119 numero,
495 1034 523 1099 si
549 1055 685 1098 munera
710 1033 861 1099 fortunae
888 1033 969 1098 bene
996 1034 1147 1116 conputo,

82 1133 118 1182 20
136 1122 191 1187 diu
210 1122 286 1187 vixi.
323 1121 424 1188 Orsus
441 1122 663 1188 aMacedonia
680 1121 851 1205 imperium
870 1119 1024 1186 Graeciae
1042 1124 1148 1204 teneo,

136 1210 309 1277 Thraciam
332 1214 366 1276 et
386 1210 518 1296 Illyrios
541 1209 671 1295 subegi,
698 1209 854 1275 Triballis
877 1208 1064 1294 Maedisque
1087 1209 1146 1274 im-

135 1300 255 1384 perito,
277 1298 406 1384 Asiam,
431 1322 494 1384 qua
511 1299 738 1384 Hellesponto,
761 1320 825 1383 qua
846 1299 944 1363 rubro
967 1297 1050 1362 mari
1072 1298 1147 1362 sub·

136 1388 247 1472 luitur,
260 1387 420 1471 possideo.
448 1388 583 1472 Iamque
595 1386 681 1452 haud
693 1387 806 1470 procul
820 1387 935 1452 absum
949 1386 1012 1450 fine
1026 1385 1147 1467 mundi,

40 1516 43 1521 ’
85 1571 116 1626 a
137 1475 727 1629 ttstttffllllttlttt
742 1474 1147 1628 aliblmlllssmmililll

136 1650 233 1717 unius
257 1650 358 1717 horae
385 1652 531 1718 transivi.
575 1651 691 1718 Victor
715 1584 883 1738 ditiusque
905 1650 1048 1736 regionis
1070 1653 1147 1734 post

136 1761 258 1806 nonum
289 1740 382 1828 regni
414 1741 492 1826 mei,
528 1745 613 1826 post,
639 1741 827 1808 vicesimum
862 1744 959 1825 atque
996 1743 1147 1805 octavum

136 1831 248 1896 aetates
270 1851 398 1914 annum,
420 1830 572 1896 videorne
593 1829 688 1896 vobis
709 1830 745 1895 in
768 1829 939 1895 excolenda
957 1828 1071 1914 gloria,
1094 1828 1147 1893 cui

137 1938 190 1983 me
208 1917 265 1982 uni
283 1916 412 2000 devovi,
429 1938 524 2000 posse
543 1917 692 1983 cessare?
719 1916 793 2002 Ego
811 1939 888 1983 vero
906 1939 971 1984 non
989 1916 1085 1982 deero
1104 1918 1198 2001 cass

137 2005 332 2088 ubicumque
348 2004 511 2088 pugnabo,
528 2005 564 2069 in
580 2003 709 2069 theatro
727 2008 886 2070 terrarum
905 2004 993 2070 orbis
1010 2027 1080 2071 esse
1094 2026 1147 2070 me

85 2104 119 2154 22
138 2091 275 2156 credam.
319 2091 414 2156 Dabo
436 2091 640 2157 nobilitatem
663 2092 863 2177 ignobilibus
886 2093 980 2177 loeis,
1002 2093 1148 2177 aperiam

138 2179 262 2246 cunctis
281 2179 434 2265 gentibus
452 2183 565 2264 terras,
584 2202 664 2264 quas
681 2183 800 2245 natura
817 2181 915 2264 longe
929 2182 1146 2247 submoverat.

137 2267 176 2335 In
199 2267 250 2333 his
269 2268 421 2353 operibus
447 2267 593 2354 extingui
615 2266 706 2353 mihi,
728 2268 756 2333 si
774 2267 841 2336 fors
860 2269 908 2334 ita
924 2268 1017 2354 feret,
1033 2269 1148 2355 pulch-

137 2380 211 2423 rum
239 2362 301 2424 est:
338 2379 376 2424 ea
409 2359 511 2442 stirpe
542 2379 614 2423 sum
643 2355 786 2441 genitus,
819 2359 858 2420 ut
887 2357 1024 2422 multam
1055 2359 1147 2441 prius

85 2458 119 2508 28
139 2468 236 2531 quam
253 2448 385 2532 longam
398 2447 501 2513 vitam
515 2445 648 2510 debeam
662 2446 783 2528 optare.
814 2442 955 2509 Obsecro
969 2464 1037 2527 vos,
1056 2448 1148 2529 cogi-

137 2539 207 2601 tate
224 2557 285 2601 nos
302 2536 486 2620 pervenisse
503 2535 539 2598 in
556 2535 670 2617 terras,
690 2531 806 2616 quibus
824 2530 965 2596 feminae
984 2531 1025 2596 ob
1044 2531 1146 2599 virtu-

137 2626 205 2689 tem
228 2623 471 2690 celeberrimum
493 2641 611 2687 nomen
635 2624 693 2685 est
729 2619 816 2696 Quas
839 2621 935 2687 urbes
956 2617 1147 2688 Samiramis

137 2712 293 2778 condidit!
326 2730 406 2796 quas
433 2709 539 2796 gentis
565 2709 692 2794 redegit
717 2709 752 2774 in
779 2709 991 2794 potestatem!
1024 2714 1147 2794 quanta

139 2821 237 2883 opera
254 2798 371 2863 molita
389 2799 452 2863 estl
474 2795 626 2863 Nondum
644 2797 799 2863 feminam
819 2798 1026 2883 aequavimus
1042 2799 1146 2883 gloria

85 2897 121 2948 24
139 2890 172 2952 et
191 2887 254 2950 iam
277 2906 336 2950 nos
359 2885 464 2950 laudis
487 2885 622 2952 satietas
645 2886 752 2971 cepit?
788 2884 831 2951 Di
854 2887 998 2971 faveant,
1021 2888 1146 2952 maiora

138 2973 242 3039 adhuc
269 2975 402 3038 restant.
452 2971 514 3040 Sed
540 2975 589 3039 ita
614 2978 728 3041 nostra
756 2979 863 3054 erunt,
894 2997 976 3061 quae
1002 2974 1144 3040 nondum

138 3063 318 3148 attigimus,
341 3062 369 3128 si
387 3061 471 3127 nihil
492 3063 844 3149 parvumduxerimus,
866 3063 900 3128 in
923 3086 987 3148 quo
1007 3082 1144 3147 magnae

138 3152 261 3236 gloriae
288 3152 378 3218 locus
402 3155 460 3216 est.
505 3151 573 3217 Vos
596 3152 691 3218 modo
715 3174 767 3216 me
790 3153 831 3217 ab
854 3152 1011 3217 intestina
1032 3150 1145 3216 fraude

137 3242 171 3304 et
207 3240 457 3307 domesticorum
492 3239 619 3306 insidiis
653 3244 819 3324 praestate
858 3261 1020 3305 securum:
1065 3239 1146 3305 belli

132 3326 315 3414 Martisque
348 3329 520 3395 discrimen
550 3329 720 3413 inpavidus
748 3328 872 3394 subibo.
917 3326 1088 3413 Philippus
1110 3329 1145 3394 in

116 3417 192 3485 aeis
211 3419 321 3486 tutior
340 3441 441 3508 quam
458 3419 496 3487 in
511 3416 644 3486 theatro
657 3415 738 3482 luit:
752 3416 897 3482 bostium
915 3438 1030 3482 manus
1049 3438 1145 3502 saepe

40 3511 85 3562 25
105 3506 244 3597 vitavit,
269 3533 419 3580 suorum
443 3512 596 3600 effugere
615 3528 689 3576 non
706 3504 826 3573 valuit.
864 3503 1013 3566 binorum
1029 3524 1155 3583 quosue

80 3615 213 3686 regam
244 3603 364 3673 exitus
393 3605 427 3674 si
449 3598 719 3694 reputaveritis,
740 3593 859 3680 plures
880 3612 904 3653 a
923 3587 994 3649 ems
1015 3605 1115 3665 uuam
1131 3587 1175 3644 aa
