2422 3892
117 129 182 194 282
492 127 523 194 Q·
543 129 653 186 CURTI
670 130 756 186 RUFI

63 286 98 334 2ο
116 274 297 359 potiorem.²
340 273 471 340 Obortis
500 275 613 340 deinde
640 274 783 341 lacrimis
812 275 960 341 diadema
984 277 1132 343 detrahit

117 363 231 448 capiti,
256 363 436 447 dexteram,
464 363 582 449 quaid
604 364 750 448 tenebat,
778 365 990 448 protendens,
1020 369 1074 449 ut,
1102 368 1131 431 si

63 463 97 511 21
118 451 189 537 quis
217 473 251 517 se
282 451 461 536 digniorem
492 452 708 536 profiteretur,
743 452 908 536 acciperet
957 451 1131 538 Ingentem

117 563 207 624 spem
233 540 352 606 indolis
376 544 451 606 ante
479 562 551 604 eum
575 541 660 605 diem
681 540 792 606 fratris
818 541 966 607 claritate
997 562 1131 627 oppres*

117 634 263 694 saetam
285 629 454 693 moderata
478 628 632 694 excitavit
654 630 767 695 oratio.
811 628 924 713 Itaque
947 631 1057 695 cuncti
1082 630 1130 695 in-

116 721 204 784 stare
241 720 428 800 coeperunt,
463 720 515 801 ut,
551 739 633 801 quae
670 717 841 802 agitasset,
874 718 988 802 exequi
1018 719 1130 785 vellet

63 817 97 864 22
116 805 258 871 Eosdem
279 826 391 870 rursus
417 805 509 890 legat
525 806 697 890 petituros,
720 809 757 870 ut
775 805 975 891 Meleagrum
992 808 1129 873 tertium

117 894 229 959 ducem
246 894 436 975 acciperent.
472 891 568 958 Haud
587 915 682 978 aegre
700 894 733 958 id
750 894 949 977 inpetratum
968 899 1029 978 est,
1050 917 1129 960 nam

117 984 150 1045 et
177 981 333 1046 abducere
360 980 561 1066 Meleagrum
586 981 740 1048 Perdicca
763 1004 782 1046 a
808 1003 885 1069 rege
916 983 1069 1066 cupiebat
1096 988 1130 1049 et

64 1081 98 1129 23
117 1091 217 1134 unum
242 1070 367 1135 duobus
393 1071 538 1154 inparem
560 1070 705 1136 futurum
728 1092 799 1136 esse
821 1072 982 1136 censebat.
1021 1071 1129 1157 Igitur

115 1156 281 1244 Meleagro
300 1180 373 1224 cum
391 1157 554 1244 phalange
572 1158 701 1224 obviam
722 1179 852 1244 egresso
870 1160 1023 1225 Perdicca
1041 1161 1129 1245 equi·

115 1250 184 1312 tum
216 1252 342 1313 turmas
375 1246 566 1312 antecedens
602 1248 748 1313 occurrit.
797 1247 978 1333 Utrumque
1011 1269 1129 1333 agmen

115 1339 229 1401 mutua
256 1336 451 1402 salutatione
478 1335 565 1400 facta
592 1335 658 1401 coit
684 1337 719 1400 in
747 1339 954 1419 perpetuum,
981 1339 1019 1401 ut
1045 1337 1129 1402 arbi-

115 1425 296 1507 trabantur,
319 1423 491 1488 concordia
513 1426 546 1486 et
568 1443 647 1506 pace
671 1424 809 1487 firmata.

543 1580 623 1647 Car.
645 1579 701 1645 IX.

80 1698 95 1746 1
205 1684 267 1752 Sed
298 1687 365 1752 iam
395 1685 473 1751 fatis
510 1687 763 1752 admovebantur
793 1686 1006 1753 Macedonum
1037 1689 1173 1773 gestiit

117 1777 204 1842 bella
222 1775 344 1860 civilia,
363 1797 439 1841 nam
458 1779 491 1840 et
508 1775 697 1841 insociabile
716 1779 766 1840 est
788 1796 924 1861 reguum
943 1779 976 1841 et
994 1799 1013 1841 a
1030 1778 1130 1860 pluri-

79 1876 97 1924 2
119 1865 177 1929 bus
196 1864 416 1948 expetebatur.
451 1863 596 1929 Primum
619 1884 697 1949 ergo
719 1865 876 1930 conlisere
894 1864 991 1949 vires,
1014 1864 1129 1931 deinde

116 1953 348 2035 disperserunt:
371 1957 405 2016 et
430 1973 504 2017 cum
526 1952 671 2035 pluribus
693 1973 823 2035 corpus,
851 1975 947 2037 quam
971 1953 1130 2038 capiebat,

116 2041 266 2122 capitatus
303 2042 506 2121 onerassent,
542 2043 648 2105 cetera
678 2041 824 2104 membra
855 2041 987 2106 deficere
1019 2062 1130 2126 coepe·

81 2139 98 2187 s
117 2130 192 2192 runt
219 2127 366 2211 quodque
389 2127 560 2209 imperium
583 2127 643 2192 sub
666 2149 730 2192 uno
750 2132 836 2192 stare
854 2129 1029 2212 potuisset,
1052 2129 1129 2195 dum

118 2239 137 2280 a
163 2215 310 2300 pluribus
343 2215 533 2299 sustinetur,
565 2215 639 2280 ruit.
686 2214 826 2282 Proinde
853 2217 921 2282 iure
948 2216 1129 2303 meritoque

117 2304 255 2389 populus
278 2303 444 2370 Romanus
466 2304 607 2369 salutem
630 2325 665 2369 se
687 2305 826 2390 principi
845 2327 904 2371 suo
923 2306 1037 2371 debere
1056 2329 1129 2390 pro·

117 2394 240 2478 fitetur,
268 2393 324 2478 qui
345 2392 463 2477 noctis,
491 2415 588 2478 quam
614 2414 715 2476 paene
742 2415 923 2476 supremam
946 2393 1129 2480 habuimus,

80 2491 239 2549 enorum
262 2482 350 2546 sidus
372 2480 499 2547 inluxit.
543 2479 649 2546 Huius
676 2480 818 2565 hercule,
845 2503 911 2545 non
935 2482 1013 2547 solis
1037 2487 1128 2548 ortus

118 2571 223 2635 lucem
251 2571 406 2653 caliganti
433 2569 572 2634 reddidit
595 2569 728 2653 mundo,
752 2590 824 2634 cum
848 2570 918 2635 sine
940 2591 998 2635 suo
1022 2570 1128 2654 capite

82 2668 99 2717 s
117 2658 277 2724 discordia
300 2658 446 2722 membra
467 2656 675 2740 trepidarent
712 2657 799 2734 Quot
820 2657 877 2722 ille
899 2661 969 2723 tum
991 2658 1130 2725 extinxit

117 2748 218 2812 faces!
255 2750 334 2830 quot
366 2745 508 2810 condidit
539 2745 677 2831 gladios!
711 2750 866 2830 quantam
902 2751 1129 2830 tempestatem

119 2835 226 2899 subita
249 2834 421 2899 serenitate
444 2833 609 2899 discussit!
637 2834 713 2899 Non
732 2854 810 2920 ergo
828 2834 997 2900 revirescit
1015 2836 1130 2920 solum,

82 2922 175 2987 esed
203 2923 302 2986 etiam
329 2922 423 2986 floret
449 2922 630 3005 imperium.
671 2922 768 2987 Absit
796 2922 890 2988 modo
914 2923 1050 3005 invidia,
1079 2945 1130 2989 ex-

119 3010 217 3095 cipiet
242 3010 338 3074 huius
367 3009 487 3074 saeculi
516 3014 664 3094 tempora
691 3010 833 3076 eiusdem
861 3010 975 3076 domus
1004 3012 1130 3077 utinam

83 3103 287 3185 rperpetua,
315 3101 402 3164 certe
429 3098 580 3162 diuturna
607 3099 790 3183 posteritas.
836 3097 999 3183 Ceterum,
1027 3102 1065 3164 ut
1089 3099 1130 3165 ad

119 3190 276 3267 ordinem,
305 3208 411 3272 aquo
439 3209 489 3252 me
523 3187 752 3271 contemplatio
785 3187 934 3272 publicae
961 3187 1129 3254 felicitatis

119 3281 292 3359 averterat,
319 3277 458 3360 redeam,
479 3275 631 3342 Perdicca
654 3277 782 3341 unicam
806 3297 896 3358 spem
919 3276 1034 3342 salutis
1054 3298 1131 3342 suae

119 3365 154 3428 in
171 3363 331 3448 Meleagri
348 3369 453 3430 morte
470 3365 626 3447 ponebat:
649 3386 768 3430 vanum
788 3362 925 3428 eundem
945 3368 978 3430 et
995 3364 1132 3430 infidum

120 3453 329 3536 celeriterque
357 3474 408 3517 res
435 3456 631 3518 novaturum
658 3456 691 3516 et
718 3450 782 3516 sibi
810 3453 960 3518 maxime¹
976 3453 1132 3518 infestum

82 3540 341 3625 8oecupandum
371 3561 449 3604 esse.
495 3538 557 3605 Sed
586 3541 653 3604 alta
676 3540 935 3605 dissimulatione
959 3542 1132 3606 consilium
