2422 3892
262 154 517 210 HISTORIARUM
534 154 749 210 ALEXANDRI
767 155 855 219 VIIII,
873 163 898 212 8.
1019 158 1084 222 249

74 299 195 365 xander
213 300 311 365 tertio
330 299 390 382 die,
415 321 511 385 quam
530 302 681 383 coeperat
699 299 854 384 obsidere,
878 304 1083 385 expugnavit.

74 388 120 453 Et
141 387 346 469 Porticanus,
374 386 504 453 cumin
526 408 631 452 arcem
655 387 866 472 confugisset,
894 389 1021 475 legatos
1045 390 1139 454 11111

74 476 261 542 condicione
289 476 461 542 deditionis
492 475 583 540 misit
610 475 650 540 ad
677 497 799 562 regem:
832 477 889 542 scd
912 482 1085 562 antequam

75 565 201 630 adnant
228 587 316 650 eum,
342 565 424 629 duae
451 568 556 629 turres
584 585 656 629 cum
680 563 807 650 ingenti
828 564 958 650 fragore
980 568 1085 650 proci·

75 651 198 736 derant,
217 675 276 737 per
295 674 431 737 quarum
446 653 557 717 ruinae
571 651 762 718 Macedones
777 675 907 719 euasere
921 654 955 718 in
969 676 1085 738 arcem,

75 762 139 824 qua
162 745 259 824 capta
280 741 472 808 Porticanus
495 762 568 806 cum
583 742 693 824 paucis
712 763 898 827 repugnans
919 743 1083 809 occiditur.

21 828 65 894 32
163 829 280 894 Diruta
296 830 400 915 igitur
417 851 490 894 arce
510 833 543 893 et
561 829 710 894 omnibus
728 829 864 914 captivis
880 831 1083 897 uenumdatis
1104 840 1140 888 11

74 914 187 983 Sambi
213 918 300 1003 regis
328 918 408 982 fines
437 918 601 1002 ingressus
631 921 681 982 est
703 917 879 1004 multisque
902 920 1027 1004 oppidis
1050 921 1084 985 in

73 1005 170 1071 fidem
207 1006 346 1089 acceptis
382 1006 614 1070 validissimam
651 1006 758 1090 gentis
791 1007 905 1072 urbem
937 1008 1083 1074 cuniculo

74 1094 168 1177 cepit
199 1093 354 1167 Barbaria
374 1093 480 1159 simile
499 1093 636 1159 monstri
652 1093 759 1158 uisum
777 1097 836 1178 est,
853 1095 987 1161 rudibus
1001 1097 1083 1161 mili·
1104 1104 1139 1154 11
1185 1095 1189 1102 ’

73 1182 195 1246 tarium
222 1202 370 1266 operumr
399 1182 518 1268 quippe
546 1182 581 1246 in
608 1183 713 1247 media
739 1181 841 1246 ferme
864 1183 943 1247 urbe
967 1186 1084 1249 armati

73 1272 161 1334 terra
193 1269 376 1334 existebant
408 1270 499 1334 nullo
531 1269 661 1335 suffossi
690 1291 821 1354 specus.
838 1274 913 1335 ante
944 1272 1084 1356 vestigio

73 1358 170 1423 facto.
205 1375 303 1423 uxxx
320 1359 411 1423 milia
428 1357 582 1423 Indorum
600 1357 634 1422 in
653 1380 692 1424 ea
708 1359 841 1443 regione
860 1380 954 1424 caesa
968 1357 1083 1424 Clitar·
1104 1367 1141 1418 11

74 1446 152 1511 chus
171 1449 222 1512 est
240 1449 352 1512 auctor
369 1447 554 1531 multosque
573 1447 718 1530 captivos
738 1447 797 1512 sub
817 1468 934 1519 corona
950 1448 1084 1514 venisse.

72 1532 196 1599 Rursus
214 1534 374 1601 Musicani
391 1535 584 1619 defecerunt,
602 1535 642 1600 ad
661 1557 740 1620 quos
760 1535 988 1620 opprimendos
1008 1537 1084 1602 mis·
1104 1544 1141 1594 lo

74 1644 127 1687 sus
151 1625 202 1688 est
220 1621 351 1708 Pithon,
374 1624 429 1708 qui
451 1628 583 1707 captum
605 1623 783 1707 principem
808 1624 915 1707 gentis
935 1624 1084 1689 eundem·

74 1731 135 1793 que
170 1709 359 1776 defectionis
397 1714 560 1777 auctorem
597 1711 731 1776 adduxit
767 1711 808 1775 ad
843 1731 964 1794 regem.
1014 1712 1095 1788 Quo·

73 1797 255 1863 Alexander
281 1799 317 1862 in
344 1819 471 1863 crucem
499 1798 627 1862 sublato
655 1819 768 1863 rursus
795 1819 935 1883 amnem,
962 1799 1085 1883 inquo

74 1886 210 1951 classem
234 1888 403 1970 expectare
427 1907 461 1951 se
483 1885 636 1969 iusserat,
657 1886 786 1969 repetit.

54 1976 59 1985 '
163 1972 284 2050 Quarto
320 1973 434 2039 deinde
470 1973 520 2038 die
557 1972 695 2038 secundo
733 1993 827 2038 amne
864 1973 1013 2057 pervenit
1044 1974 1085 2038 ad
1104 1981 1138 2032 1⁷

74 2062 240 2146 oppidum,
268 2062 353 2147 quod
380 2062 415 2126 in
441 2083 541 2147 regno
569 2063 632 2127 imo
656 2064 726 2127 erat
749 2060 869 2127 Sambi.
914 2061 1027 2146 Nuper
1049 2084 1084 2127 se

72 2149 130 2215 ille
153 2149 330 2234 dediderat,
353 2151 409 2216 sed
432 2150 586 2235 oppidani
608 2150 832 2216 detrectabant
856 2150 1029 2235 imperium
1052 2153 1085 2215 et

73 2239 257 2303 clauserant
273 2242 394 2323 portas.
431 2237 574 2315 Quorum
596 2239 760 2322 paucitate
778 2242 965 2322 contempta
984 2258 1040 2303 rex
1059 2256 1083 2302 n
1104 2245 1141 2294 1e

72 2325 237 2412 Agrianos
268 2327 397 2392 moenia
429 2327 538 2392 subire
569 2325 665 2391 iussit
695 2330 728 2391 et
754 2325 873 2391 sensim
900 2325 1084 2390 recedentes

73 2415 188 2481 elicere
220 2418 312 2481 extra
347 2437 459 2481 muros
489 2415 618 2480 hostem
650 2416 833 2480 secuturum
863 2413 1024 2495 profecto,
1057 2413 1084 2476 si

71 2502 184 2588 fugere
211 2525 266 2569 eos
294 2502 449 2568 crederet.
492 2501 643 2585 Agriani,
671 2501 755 2566 sicut
780 2499 975 2583 imperatum
1004 2503 1084 2582 crat,
1104 2508 1140 2556 19

71 2591 222 2656 lacessito
253 2591 349 2656 hoste
377 2591 484 2655 subito
511 2594 606 2672 terga
631 2591 812 2652 verterunt:
845 2608 926 2671 quos
952 2587 1085 2651 barbari

73 2677 171 2741 effuse
196 2681 365 2762 sequentes
388 2678 423 2741 in
446 2676 538 2759 alios,
560 2677 647 2740 inter
670 2697 749 2761 quos
772 2675 842 2758 ipse
860 2696 917 2740 rex
936 2679 1014 2759 erat,
1037 2676 1085 2739 in·

73 2764 190 2830 oidunt
230 2763 400 2830 Renovato
428 2783 505 2847 ergo
527 2763 654 2846 proelio
682 2785 722 2828 ex
744 2781 785 2827 111
807 2760 942 2828 ‘milibus
969 2763 1085 2827 barba·

72 2873 183 2917 rorum
214 2869 262 2918 nc
293 2852 379 2917 caesi
410 2854 501 2934 sunt,
532 2851 622 2915 mille
654 2851 755 2935 capti,
787 2850 885 2915 ceteri
914 2851 1083 2916 moenibus

20 2939 63 3005 33
73 2940 163 3004 urbis
186 2940 312 3005 inclusi.
352 2938 414 3004 Sed
436 2961 502 3004 non
519 2942 558 3003 ut
575 2938 681 3022 prima
699 2939 804 3023 specie
827 2939 916 3003 laeta
938 2938 1140 3016 1111011110

72 3028 120 3094 ita
139 3032 254 3094 eventu
274 3048 400 3113 quoquc
413 3026 487 3110 fuit,
506 3027 624 3112 quippe
638 3027 769 3091 barbari
783 3048 905 3092 veneno
920 3027 1084 3092 tinxerant

72 3116 207 3202 gladios.
251 3115 367 3200 Itaque
391 3115 492 3180 saucii
515 3115 649 3179 subinde
673 3115 883 3198 exspirabant
905 3135 964 3179 nec
988 3135 1085 3178 causa

70 3209 139 3268 tam
162 3209 313 3270 strenuae
331 3202 445 3268 mortis
465 3203 642 3289 excogitari
660 3206 789 3287 poterat
807 3225 827 3266 1
845 3201 988 3285 medicis,
1010 3223 1081 3266 cum

72 3292 170 3357 etiam
189 3293 276 3358 leves
298 3293 414 3377 plagae
437 3291 634 3356 insanabiles
658 3292 775 3356 essent.
815 3289 953 3355 Barbari
977 3294 1136 3355 1111111111

72 3385 279 3464 speraverant
314 3381 480 3446 incautum
516 3383 550 3445 et
586 3379 795 3444 temerarium
833 3398 943 3462 regem
981 3380 1084 3462 excipi

66 3490 174 3551 posse.
208 3468 254 3534 Et
275 3469 360 3535 forte
382 3469 468 3535 inter
488 3468 754 3556 promptissimos
771 3466 936 3533 dimicans
946 3467 1104 3555 &abactas

59 3561 215 3622 eraserat
252 3557 437 3648 Praecipue
461 3559 694 3648 Ptolemaeus,
709 3559 815 3626 laeuo
830 3555 986 3621 bumana
996 3546 1132 3604 111111
1142 3543 1189 3584 aa
