2422 3892
67 145 132 211 268
440 147 471 212 Q.
491 147 602 202 cuum
621 149 708 203 eum
783 216 788 227 Ι

66 291 171 356 haberi
196 294 365 375 pronepti,
391 296 428 356 ut
453 294 591 374 quotiens
618 293 684 357 ludi
706 298 796 374 atque
822 294 998 356 certamina
1024 295 1086 358 ede

17 415 20 421 ·
67 386 187 463 rentur,
217 382 253 444 in
285 381 403 463 primis
433 380 593 446 ordinibus
623 383 761 445 coronati
791 385 964 462 spectarent
995 387 1088 462 utque

66 469 132 548 fato
166 470 344 549 functorum
380 469 467 532 liberi
501 468 661 549 inpuberes
697 470 731 533 in
761 474 897 550 paterna
928 470 1087 551 stipendia

66 559 262 621 succederent.
294 556 456 621 &aterum
473 557 675 621 Macedoniae
692 557 973 638 continentibusque
990 559 1087 640 cepio

67 645 158 709 nibus
188 665 258 710 cum
284 645 411 725 imperio
444 664 583 726 praeesse
612 645 745 728 placuit,
778 646 988 727 Antipatrum
1015 667 1087 710 cum

67 734 272 814 supplementa
307 734 466 797 iuniorum
501 733 707 798 Macedonum
743 734 787 799 ad
817 753 917 814 reqem
946 754 1085 816 perpere

73 820 238 885 Verebatur
260 822 354 903 enirn,
376 841 415 886 ne
433 842 490 902 per
512 823 697 887 discordiam
714 822 864 904 praefecti
886 841 957 885 cum
979 821 1085 905 Olqm

62 910 157 989 pi'ade
176 910 282 990 qrauis
308 909 414 990 aliqua
436 910 536 974 clades
557 911 750 991 acciperetur.
795 910 881 974 Nam
902 911 1022 975 multas
1045 913 1088 975 ad

68 996 284 1062 Alcuandrum
309 999 452 1078 epistolas
480 1002 590 1080 mater,
622 999 736 1063 multas
762 998 929 1079 Antipater
955 1000 1087 1063 miserat

68 1085 260 1167 vicissimque
281 1087 362 1151 inter
382 1107 415 1150 se
436 1087 695 1168 criminabantur,
717 1107 796 1168 quae
817 1088 860 1150 ad
880 1087 1007 1152 dedecm
1031 1093 1087 1151 aut

68 1174 283 1238 detrimentum
298 1177 399 1257 requae
411 1175 581 1239 maiestatis
594 1176 791 1255 pertinerent.
818 1174 989 1256 Postquam
1001 1177 1085 1240 enim

68 1283 176 1327 mernor
198 1264 288 1328 occisi
309 1264 389 1346 repis
411 1268 519 1327 temne
540 1263 682 1344 culpatus
704 1265 739 1327 in
757 1262 977 1328 Macedoniam
993 1285 1085 1345 pene

70 1353 172 1429 travit,
190 1357 288 1416 ucater
306 1353 372 1416 eius
387 1371 531 1432 sororque
545 1349 709 1432 Cleopatra
727 1352 931 1415 tumultuatae
946 1351 1084 1435 fueraut,

68 1444 98 1502 et
121 1439 195 1502 baec
225 1441 347 1520 quidem
376 1443 544 1520 paternum
574 1459 714 1519 requiem,
753 1438 913 1522 Olympias
944 1440 1084 1522 Epirum

68 1527 232 1592 inuaserat.

157 1613 281 1678 Interea
307 1634 374 1696 rea,
400 1618 438 1679 ut
457 1614 616 1678 imminuti
638 1616 785 1679 exercitus
809 1616 994 1680 detrimenta
1015 1637 1083 1681 sar-

69 1702 145 1766 ciret
160 1704 309 1784 aptimum
326 1723 472 1785 quemque
488 1701 658 1767 Persarum
675 1705 711 1767 iu
729 1703 943 1768 Maeedmicos
961 1705 1084 1770 ordinas

17 1851 25 1864 ,
69 1792 195 1874 adleqit:
212 1793 296 1856 mille
312 1792 407 1856 etiam
421 1792 702 1873 praestantissimos
715 1793 881 1874 seqreqauit
890 1792 937 1879 ad
947 1796 1086 1875 carpens

69 1882 250 1945 nandium:
283 1880 382 1944 aliam
412 1880 603 1945 hastatorum
633 1900 775 1962 maurim,
809 1879 895 1944 baud
920 1882 1084 1961 pauciores

21 2033 24 2038 ,
69 1969 167 2032 decem
189 1969 321 2046 milibus,
344 1969 427 2031 circa
448 1970 566 2049 reqium
589 1968 818 2032 tabernaculum
835 1969 978 2033 excubias
996 1991 1084 2052 apere

69 2056 168 2119 iussit.
218 2055 307 2118 Haec
342 2057 444 2136 apenti
478 2055 633 2120 Peucestes
668 2057 840 2138 siperoenit
871 2077 941 2120 eum
971 2059 1084 2140 uiqiuti

69 2143 302 2223 sapittariorum
327 2143 579 2224 funditorumque
601 2144 738 2227 milibus,
765 2165 840 2226 quos
866 2165 903 2208 eu
924 2165 984 2210 sua
1010 2164 1084 2228 pra

69 2232 172 2295 vincia
198 2236 339 2313 coeperat.
384 2231 448 2296 His
468 2252 528 2313 per
550 2233 712 2296 euncitum
734 2233 905 2298 distributis
926 2234 1084 2315 profectus

70 2326 116 2386 est
135 2319 226 2386 Susis
247 2325 276 2384 et
299 2319 424 2402 Tipride
444 2341 536 2384 amne
558 2320 738 2385 transmisso
761 2322 846 2402 apud
863 2320 963 2387 Caras
980 2329 1084 2387 castra

70 2414 200 2475 metatus
222 2414 281 2474 est:
304 2410 375 2474 inde
396 2410 568 2490 quadriduo
589 2429 648 2490 per
670 2407 843 2474 Sittacenen
865 2411 965 2474 ductis
987 2413 1108 2494 copiis·

70 2497 230 2564 Sambana
252 2498 410 2581 processit,
437 2498 490 2563 ubi
510 2518 570 2579 per
592 2501 703 2579 septem
725 2497 790 2561 dies
812 2500 947 2578 quietum
973 2519 1084 2581 aqmeu

71 2589 175 2652 tenuit.
227 2586 340 2652 Tridui
361 2588 468 2652 deinde
489 2587 598 2650 itinere
619 2605 736 2650 emenso
759 2584 888 2651 Celonas
904 2593 1084 2668 peruentum

71 2682 122 2740 est.
165 2675 319 2758 Oppidum
340 2675 395 2739 boc
418 2680 518 2739 tenent
539 2675 670 2739 Boeotia
691 2675 833 2756 profecti,
862 2695 937 2757 quos
963 2674 1084 2740 Xerxes

70 2765 189 2830 sedibus
215 2765 281 2828 suis
306 2765 417 2828 eccitos
444 2765 478 2827 in
506 2762 660 2827 Orientem
683 2763 849 2827 transtulit.
900 2762 1084 2829 Sonabant-

71 2873 128 2933 que
153 2857 368 2933 arqumentum
397 2853 527 2934 ariqinis
549 2852 700 2933 peculiari
726 2871 862 2915 sermone
888 2872 925 2916 ec
953 2851 1083 2918 Graecis

66 2941 247 3022 plerumque
272 2939 392 3004 uocibus
418 2945 589 3005 constante:
617 2943 747 3004 ceterum
774 2939 809 3004 ab
836 2942 1083 3004 commerciorum

71 3030 275 3094 necessitatem
305 3028 509 3107 finitimorum
539 3028 741 3094 barbarorum
773 3029 881 3110 linqua
911 3028 1082 3093 utebantur.

71 3119 151 3183 Inde
177 3117 371 3201 Baqistanen
403 3118 558 3199 inpressas
588 3122 644 3200 est,
674 3119 826 3200 reqionem
855 3117 1029 3198 opulentam
1055 3121 1085 3182 et

72 3209 279 3273 abundantem
301 3207 451 3291 ‘arborum
472 3226 598 3270 amanio
620 3210 649 3270 et
668 3205 797 3285 fecunda
817 3205 901 3284 foetu
923 3207 1084 3287 ceterisque

71 3297 115 3358 ael
143 3298 221 3360 vitae
252 3316 315 3360 non
346 3317 437 3362 ursum
468 3297 568 3378 modo,
599 3313 703 3359 aerum
735 3293 828 3356 etiam
859 3293 1084 3358 delectationem

67 3384 297 3465 pertinentibus.

160 3471 343 3536 Perventum
360 3474 468 3537 deinde
485 3473 582 3537 estin
594 3471 719 3534 Mediae
736 3490 866 3550 campos,
884 3471 937 3533 ubi
950 3472 1085 3534 maximi

72 3581 217 3642 equarum
231 3579 334 3641 qreqes
350 3559 565 3640 pascebantur.
597 3557 727 3622 Nisaeos
745 3557 910 3640 appellant,
927 3559 1083 3638 maqnilu·
