2422 3892
262 158 517 216 HISTORIARUM
534 157 752 214 ALEXANDRI
770 158 830 228 VII,
851 165 874 214 1.
894 165 918 213 2.
1032 158 1096 223 153

520 354 600 420 Ona.
622 355 665 421 ll.

58 499 81 564 6
177 477 264 544 Dum
282 480 362 543 haee
380 477 542 561 Amyntas
562 480 639 563 agit,
657 479 743 543 forte
761 480 1023 562 supervenerunt,
1041 479 1095 560 qui
1115 489 1130 538 1

89 566 224 631 fratrem
255 568 323 632 eius
352 565 576 651 Polemonem,
613 567 652 631 de
684 589 748 651 quo
780 570 855 632 ante
886 569 936 631 est
967 565 1097 649 dietum,

88 654 268 740 fugientem
283 656 446 721 consecuti
459 656 604 720 vinctum
618 654 824 721 reducebant.
853 653 975 719 Infesta
989 655 1095 718 contio

88 744 142 807 vix
169 743 311 808 inhiberi
338 743 458 828 potuit,
487 744 565 826 quin
591 744 740 826 protinus
769 764 939 808 suomore
962 742 1096 806 sarain

89 852 162 896 eum
180 831 308 896 iaceret.
349 830 458 914 Atque
475 831 532 896 ille
551 853 627 896 sane
645 831 823 916 interritus,
840 829 964 914 ‘Nihil',
980 829 1096 914 inquit,
1114 841 1132 889 a

89 918 160 1002 ‘pro
183 941 235 983 me
258 920 425 1002 deprecor,
452 919 547 984 modo
570 941 611 983 ne
633 919 770 984 fratrum
793 918 996 985 innocentiae
1017 919 1097 1002 fuga

88 1007 266 1089 imputetur
293 1029 375 1072 mea.
418 1006 509 1072 Haec
536 1008 565 1072 si
593 1006 719 1072 defendi
746 1029 812 1071 non
838 1011 960 1090 potest,
988 1028 1096 1071 meum

89 1095 209 1158 crimen
241 1095 293 1158 sit.
346 1093 473 1161 Horum
501 1095 542 1160 ob
570 1095 603 1159 id
630 1095 736 1179 ipsum
763 1095 878 1159 melior
909 1099 959 1160 est
991 1115 1097 1176 eausa,

89 1182 174 1265 quod
197 1201 268 1265 ego,
291 1182 348 1265 qui
369 1183 510 1268 profugi,
533 1187 700 1266 suspectus
724 1182 817 1248 sum'.
861 1182 1009 1247 Athaco
1032 1182 1131 1246 elo-e

89 1273 164 1334 outo
187 1269 339 1334 universa
358 1271 466 1335 contio
485 1270 621 1336 adsensa
639 1275 703 1337 ost:
726 1270 879 1336 lacrimae
898 1270 1011 1334 deinde
1030 1290 1096 1333 om·

87 1358 184 1422 nibus
211 1379 343 1422 manare
371 1363 545 1441 coeperunt
572 1360 651 1424 adeo
677 1361 712 1424 in
739 1357 936 1423 contrarium
963 1359 1098 1440 repente

88 1447 238 1530 mutatis,
268 1448 306 1510 ut
331 1446 394 1512 hoc
421 1448 525 1511 solum
552 1468 611 1530 pro
644 1469 682 1513 eo
714 1451 813 1530 esset,
845 1446 930 1530 quod
958 1445 1097 1510 maxime

88 1533 236 1599 laeserat.
275 1533 404 1600 Iuvenis
433 1538 503 1599 erat
528 1536 634 1618 primo
662 1536 779 1600 aetatis
805 1535 883 1598 flore
910 1535 1133 1617 pubescens,4

89 1642 184 1705 quem
198 1623 284 1685 inter
303 1623 428 1706 equites
443 1624 614 1687 tormentis
629 1622 779 1688 Philotae
797 1623 1007 1687 conturbatos
1022 1621 1098 1686 alie·

87 1730 148 1773 nus
175 1712 280 1772 terror
308 1711 501 1774 abstulerat:
529 1710 691 1775 desertum
719 1732 792 1774 eum
819 1733 839 1774 a
866 1710 1037 1774 comitibus
1065 1714 1098 1773 et

87 1794 305 1861 haesitantem
319 1798 405 1861 inter
418 1797 598 1861 revertendi
617 1798 824 1882 fugiendique
844 1798 1023 1879 consilium,
1042 1797 1098 1880 qni

89 1883 192 1947 secuti
215 1888 316 1966 erant,
338 1888 582 1968 occupaverunt.
625 1885 658 1948 Is
681 1890 752 1950 tum
773 1885 850 1948 flere
873 1884 981 1967 coepit
1004 1887 1037 1948 et
1060 1906 1096 1949 os
1115 1896 1132 1945 o

89 1993 182 2035 suum
218 1973 464 2055 converberare,
500 1977 643 2037 maestus
675 1994 740 2038 non
772 1993 864 2037 suam
889 1973 1004 2055 vicem,
1041 1972 1096 2036 sed

87 2063 221 2142 propter
233 2060 340 2143 ipsum
359 2061 609 2145 periclitantium
626 2061 772 2126 fratrum.
804 2060 1013 2144 Moveratque
1030 2060 1097 2125 iam
1115 2073 1133 2122 t

87 2167 198 2230 regem
217 2169 351 2232 quoque,
369 2170 435 2214 non
454 2150 636 2214 contionem
655 2150 760 2233 modo,
782 2149 838 2215 sed
857 2171 939 2214 unus
959 2151 1029 2213 erat
1050 2149 1097 2212 in-

87 2235 259 2319 placabilis
277 2237 386 2321 frater,
405 2238 462 2321 qui
479 2238 619 2302 terribili
633 2239 725 2304 vultu
738 2239 868 2303 intuens
882 2259 964 2321 eum,
984 2236 1100 2321 ‘Tum',

88 2324 149 2406 ait,
178 2323 334 2408 demens,
361 2325 530 2390 lacrimare
557 2325 727 2410 debueras,
757 2347 829 2391 eum
853 2346 934 2411 equo
959 2325 1098 2389 calcaria
1144 2345 1149 2353 ⁸

87 2413 251 2492 subderes,
268 2414 407 2478 fratrum
423 2413 568 2478 desertor
586 2420 619 2478 et
633 2414 834 2478 desertorum
847 2433 964 2477 eomes
987 2410 1097 2493 Miser,

88 2522 151 2583 quo
174 2504 208 2566 et
229 2501 314 2566 unde
335 2501 498 2587 fugiebas!
539 2500 694 2583 Effecisti,
716 2505 753 2565 ut
775 2521 849 2565 reus
872 2499 987 2582 capitis
1006 2520 1096 2563 accu-

87 2589 206 2654 satoris
229 2592 336 2653 uterer
358 2588 486 2655 verbis'.
526 2588 586 2653 Hle
608 2609 758 2672 peccasse
782 2609 826 2669 se,
848 2587 904 2651 sed
921 2586 1008 2651 baud
1024 2599 1131 2668 gra-r

87 2676 159 2738 vius
187 2676 222 2738 in
248 2677 364 2740 fratres
388 2697 485 2759 quam
507 2676 542 2739 in
565 2676 774 2758 semetipsum
795 2674 968 2738 fatebatur.
1013 2675 1096 2738 Tum
1147 2731 1149 2734 ,

87 2783 163 2826 vero
195 2784 299 2845 neque
330 2763 474 2826 lacrimis
496 2784 608 2846 neque
640 2762 947 2845 adclamationibus,
979 2762 1095 2846 quibus

88 2849 197 2913 studia
220 2871 279 2914 sua
301 2850 476 2914 multitudo
499 2851 683 2935 profitetur,
705 2854 976 2933 temperavenmt
1021 2849 1096 2916 Una

86 2959 148 3002 vox
172 2941 242 3001 erat
263 2939 335 3021 pari
359 2937 478 3003 emissa
500 2959 667 3021 consensu,
688 2942 726 3003 nt
748 2938 932 3004 insontibus
953 2941 987 3003 et
1003 2937 1095 3003 forti-

86 3025 147 3089 bus
170 3027 249 3090 viris
271 3029 427 3110 parceret.
472 3025 581 3090 Amici
607 3047 733 3111 quoque
758 3026 835 3090 data
856 3027 1094 3090 misericordiae

87 3114 253 3179 occasione
268 3116 467 3198 consurgunt
479 3113 655 3197 flentesque
668 3134 779 3198 regem
792 3115 1012 3198 deprecantur.
1033 3112 1094 3177 Ille
1114 3125 1131 3174 8

86 3202 216 3266 silentio
244 3203 346 3282 facto,
374 3199 431 3266 ‘nt
457 3201 548 3285 ipse’,
575 3203 694 3286 inquit,
721 3200 901 3285 ‘Amyntan
929 3222 1001 3266 mea
1023 3223 1095 3266 sen-

85 3289 188 3353 tentia
215 3289 396 3372 fratresque
419 3290 487 3353 eius
515 3290 658 3354 absolvo.
708 3289 776 3355 Vos
805 3291 927 3372 autem,
954 3290 1094 3372 iuvenes,

85 3377 172 3442 malo
187 3377 335 3441 beneficii
354 3378 419 3442 mei
433 3377 589 3461 oblivisci,
609 3399 705 3461 quam
719 3377 855 3460 periculi
868 3377 971 3442 vestri
984 3376 1094 3441 memi-

83 3465 181 3529 nisse.
221 3464 345 3530 Eadem
363 3465 425 3530 fide
443 3465 547 3530 redite
565 3466 601 3530 in
619 3467 759 3550 gratiam
781 3486 917 3548 mecum,
939 3487 1002 3549 qua
1024 3466 1094 3548 ipse

84 3554 252 3618 vobiscum
270 3557 424 3619 revertor.
469 3552 553 3641 Nisi,
576 3575 659 3641 quae
676 3553 789 3619 delata
806 3555 935 3633 essent,
947 3551 1110 3612 excussus·
1125 3559 1150 3599 s
1171 3590 1175 3596 .
