<?xml version="1.0" encoding="UTF-8"?>
<!DOCTYPE html PUBLIC "-//W3C//DTD XHTML 1.0 Transitional//EN"
    "http://www.w3.org/TR/xhtml1/DTD/xhtml1-transitional.dtd">
<html xmlns="http://www.w3.org/1999/xhtml" xml:lang="en" lang="en">
 <head>
  <title>
</title>
<meta http-equiv="Content-Type" content="text/html;charset=utf-8" />
  <meta name='ocr-system' content='tesseract 3.04.00' />
  <meta name='ocr-capabilities' content='ocr_page ocr_carea ocr_par ocr_line ocrx_word'/>
</head>
<body>
  <div class='ocr_page' id='page_1' title='image "./historiarumalex00rufugoog_0301.png"; bbox 0 0 2422 3892; ppageno 0'>
   <div class='ocr_carea' id='block_1_1' title="bbox 145 145 782 212">
    <p class='ocr_par' dir='ltr' id='par_1_1' title="bbox 145 145 782 212">
     <span class='ocr_line' id='line_1_1' title="bbox 145 145 782 212; baseline -0.016 -2"><span class='ocrx_word' id='word_1_1' title='bbox 145 147 210 210; x_wconf 82' lang='grc'><strong>264</strong></span> <span class='ocrx_word' id='word_1_2' title='bbox 517 145 549 212; x_wconf 78' lang='lat' dir='ltr'><strong>Q.</strong></span> <span class='ocrx_word' id='word_1_3' title='bbox 568 147 678 202; x_wconf 73' lang='lat' dir='ltr'><strong>enarr</strong></span> <span class='ocrx_word' id='word_1_4' title='bbox 696 146 782 202; x_wconf 71' lang='lat' dir='ltr'>RUFI</span> 
     </span>
    </p>
   </div>
   <div class='ocr_carea' id='block_1_2' title="bbox 37 289 1206 3464">
    <p class='ocr_par' dir='ltr' id='par_1_2' title="bbox 93 289 1159 729">
     <span class='ocr_line' id='line_1_2' title="bbox 93 289 1159 376; baseline 0.006 -26"><span class='ocrx_word' id='word_1_5' title='bbox 93 302 127 352; x_wconf 82' lang='lat'><strong>20</strong></span> <span class='ocrx_word' id='word_1_6' title='bbox 145 291 254 375; x_wconf 90' lang='lat' dir='ltr'><strong>plnres</strong></span> <span class='ocrx_word' id='word_1_7' title='bbox 277 291 468 376; x_wconf 87' lang='lat' dir='ltr'><strong>dimiserim,</strong></span> <span class='ocrx_word' id='word_1_8' title='bbox 489 313 586 375; x_wconf 92' lang='lat' dir='ltr'><strong>quam</strong></span> <span class='ocrx_word' id='word_1_9' title='bbox 604 294 788 356; x_wconf 88' lang='lat' dir='ltr'><strong>retenturus</strong></span> <span class='ocrx_word' id='word_1_10' title='bbox 807 313 887 356; x_wconf 90' lang='lat' dir='ltr'><strong>sum.</strong></span> <span class='ocrx_word' id='word_1_11' title='bbox 925 289 1043 356; x_wconf 78' lang='lat' dir='ltr'>Subest</span> <span class='ocrx_word' id='word_1_12' title='bbox 1061 291 1159 356; x_wconf 92' lang='lat' dir='ltr'><strong>nimi-</strong></span> 
     </span>
     <span class='ocr_line' id='line_1_3' title="bbox 146 379 1159 463; baseline 0.003 -19"><span class='ocrx_word' id='word_1_13' title='bbox 146 402 218 444; x_wconf 91' lang='lat' dir='ltr'><strong>rum</strong></span> <span class='ocrx_word' id='word_1_14' title='bbox 239 381 338 445; x_wconf 87' lang='lat' dir='ltr'><strong>altius</strong></span> <span class='ocrx_word' id='word_1_15' title='bbox 355 381 490 463; x_wconf 92' lang='lat' dir='ltr'><strong>malum,</strong></span> <span class='ocrx_word' id='word_1_16' title='bbox 514 380 598 463; x_wconf 92' lang='lat' dir='ltr'><strong>quod</strong></span> <span class='ocrx_word' id='word_1_17' title='bbox 617 400 728 445; x_wconf 90' lang='lat' dir='ltr'><strong>omnes</strong></span> <span class='ocrx_word' id='word_1_18' title='bbox 748 379 867 443; x_wconf 88' lang='lat' dir='ltr'><strong>avertit</strong></span> <span class='ocrx_word' id='word_1_19' title='bbox 885 401 905 444; x_wconf 91' lang='lat' dir='ltr'><strong>a</strong></span> <span class='ocrx_word' id='word_1_20' title='bbox 923 402 982 443; x_wconf 88' lang='lat' dir='ltr'><strong>me.</strong></span> <span class='ocrx_word' id='word_1_21' title='bbox 1020 379 1159 457; x_wconf 81' lang='lat' dir='ltr'>Quando</span> 
     </span>
     <span class='ocr_line' id='line_1_4' title="bbox 146 466 1158 552; baseline 0 -21"><span class='ocrx_word' id='word_1_22' title='bbox 146 469 230 532; x_wconf 92' lang='lat' dir='ltr'><strong>enim</strong></span> <span class='ocrx_word' id='word_1_23' title='bbox 263 489 373 552; x_wconf 82' lang='lat' dir='ltr'><strong>regem</strong></span> <span class='ocrx_word' id='word_1_24' title='bbox 406 469 573 532; x_wconf 88' lang='lat' dir='ltr'><strong>universus</strong></span> <span class='ocrx_word' id='word_1_25' title='bbox 605 467 747 532; x_wconf 85' lang='lat' dir='ltr'><strong>deseruit</strong></span> <span class='ocrx_word' id='word_1_26' title='bbox 774 467 953 532; x_wconf 82' lang='lat' dir='ltr'><strong>exercitus?</strong></span> <span class='ocrx_word' id='word_1_27' title='bbox 991 466 1043 532; x_wconf 89' lang='lat' dir='ltr'><strong>Ne</strong></span> <span class='ocrx_word' id='word_1_28' title='bbox 1071 470 1158 534; x_wconf 85' lang='lat' dir='ltr'><strong>servi</strong></span> 
     </span>
     <span class='ocr_line' id='line_1_5' title="bbox 146 556 1158 642; baseline -0.001 -21"><span class='ocrx_word' id='word_1_29' title='bbox 146 557 275 640; x_wconf 92' lang='lat' dir='ltr'><strong>quidem</strong></span> <span class='ocrx_word' id='word_1_30' title='bbox 303 579 367 621; x_wconf 91' lang='lat' dir='ltr'><strong>uno</strong></span> <span class='ocrx_word' id='word_1_31' title='bbox 396 576 495 640; x_wconf 82' lang='lat' dir='ltr'>grege</span> <span class='ocrx_word' id='word_1_32' title='bbox 523 556 713 640; x_wconf 81' lang='lat' dir='ltr'><strong>profugiunt</strong></span> <span class='ocrx_word' id='word_1_33' title='bbox 741 556 899 642; x_wconf 90' lang='lat' dir='ltr'><strong>dominos,</strong></span> <span class='ocrx_word' id='word_1_34' title='bbox 927 557 983 621; x_wconf 89' lang='lat' dir='ltr'><strong>sed</strong></span> <span class='ocrx_word' id='word_1_35' title='bbox 1012 560 1062 620; x_wconf 90' lang='lat' dir='ltr'><strong>est</strong></span> <span class='ocrx_word' id='word_1_36' title='bbox 1090 557 1158 640; x_wconf 92' lang='lat' dir='ltr'><strong>qui-</strong></span> 
     </span>
     <span class='ocr_line' id='line_1_6' title="bbox 146 644 1157 729; baseline 0.001 -21"><span class='ocrx_word' id='word_1_37' title='bbox 146 645 219 708; x_wconf 90' lang='lat' dir='ltr'><strong>dam</strong></span> <span class='ocrx_word' id='word_1_38' title='bbox 251 647 286 709; x_wconf 93' lang='lat' dir='ltr'><strong>in</strong></span> <span class='ocrx_word' id='word_1_39' title='bbox 317 645 383 709; x_wconf 90' lang='lat' dir='ltr'><strong>illis</strong></span> <span class='ocrx_word' id='word_1_40' title='bbox 414 644 518 729; x_wconf 91' lang='lat' dir='ltr'><strong>pudor</strong></span> <span class='ocrx_word' id='word_1_41' title='bbox 546 666 566 708; x_wconf 91' lang='lat' dir='ltr'><strong>a</strong></span> <span class='ocrx_word' id='word_1_42' title='bbox 593 644 707 708; x_wconf 85' lang='lat' dir='ltr'><strong>ceteris</strong></span> <span class='ocrx_word' id='word_1_43' title='bbox 741 644 913 726; x_wconf 89' lang='lat' dir='ltr'><strong>destitutos</strong></span> <span class='ocrx_word' id='word_1_44' title='bbox 945 644 1157 727; x_wconf 91' lang='lat' dir='ltr'><strong>relinquendi.</strong></span> 
     </span>
    </p>

    <p class='ocr_par' dir='ltr' id='par_1_3' title="bbox 92 732 1157 1062">
     <span class='ocr_line' id='line_1_7' title="bbox 92 732 1157 817; baseline 0.005 -25"><span class='ocrx_word' id='word_1_45' title='bbox 92 744 124 792; x_wconf 85' lang='lat' dir='ltr'><strong>al</strong></span> <span class='ocrx_word' id='word_1_46' title='bbox 146 732 266 797; x_wconf 91' lang='lat' dir='ltr'><strong>Verum</strong></span> <span class='ocrx_word' id='word_1_47' title='bbox 299 754 359 817; x_wconf 86' lang='lat' dir='ltr'><strong>ego</strong></span> <span class='ocrx_word' id='word_1_48' title='bbox 388 736 457 796; x_wconf 88' lang='lat' dir='ltr'><strong>tam</strong></span> <span class='ocrx_word' id='word_1_49' title='bbox 488 732 631 796; x_wconf 81' lang='lat' dir='ltr'><strong>furiosae</strong></span> <span class='ocrx_word' id='word_1_50' title='bbox 659 732 930 797; x_wconf 75' lang='lat' dir='ltr'><strong>consternationis</strong></span> <span class='ocrx_word' id='word_1_51' title='bbox 958 733 1080 796; x_wconf 90' lang='lat' dir='ltr'><strong>oblitus</strong></span> <span class='ocrx_word' id='word_1_52' title='bbox 1110 754 1157 797; x_wconf 85' lang='lat' dir='ltr'><strong>re</strong></span> 
     </span>
     <span class='ocr_line' id='line_1_8' title="bbox 144 820 1157 886; baseline 0 -1"><span class='ocrx_word' id='word_1_53' title='bbox 144 822 251 885; x_wconf 91' lang='lat' dir='ltr'><strong>media</strong></span> <span class='ocrx_word' id='word_1_54' title='bbox 273 821 510 885; x_wconf 81' lang='lat' dir='ltr'><strong>insanabilibus</strong></span> <span class='ocrx_word' id='word_1_55' title='bbox 533 841 632 885; x_wconf 90' lang='lat' dir='ltr'><strong>conor</strong></span> <span class='ocrx_word' id='word_1_56' title='bbox 656 820 816 884; x_wconf 88' lang='lat' dir='ltr'><strong>adbibere.</strong></span> <span class='ocrx_word' id='word_1_57' title='bbox 862 821 997 886; x_wconf 86' lang='lat' dir='ltr'><strong>Omnem</strong></span> <span class='ocrx_word' id='word_1_58' title='bbox 1024 821 1157 885; x_wconf 89' lang='lat' dir='ltr'><strong>hercule</strong></span> 
     </span>
     <span class='ocr_line' id='line_1_9' title="bbox 146 903 1157 993; baseline 0 -20"><span class='ocrx_word' id='word_1_59' title='bbox 146 930 246 992; x_wconf 89' lang='lat' dir='ltr'><strong>spem,</strong></span> <span class='ocrx_word' id='word_1_60' title='bbox 270 930 366 991; x_wconf 93' lang='lat' dir='ltr'><strong>quam</strong></span> <span class='ocrx_word' id='word_1_61' title='bbox 390 929 429 973; x_wconf 83' lang='lat' dir='ltr'><strong>ex</strong></span> <span class='ocrx_word' id='word_1_62' title='bbox 452 908 543 974; x_wconf 87' lang='lat' dir='ltr'><strong>vobis</strong></span> <span class='ocrx_word' id='word_1_63' title='bbox 566 930 784 993; x_wconf 83' lang='lat' dir='ltr'><strong>conceperam,</strong></span> <span class='ocrx_word' id='word_1_64' title='bbox 807 908 925 974; x_wconf 91' lang='lat' dir='ltr'><strong>damno</strong></span> <span class='ocrx_word' id='word_1_65' title='bbox 947 930 1007 973; x_wconf 90' lang='lat' dir='ltr'><strong>neo</strong></span> <span class='ocrx_word' id='word_1_66' title='bbox 1027 903 1063 973; x_wconf 93' lang='lat' dir='ltr'><strong>ut</strong></span> <span class='ocrx_word' id='word_1_67' title='bbox 1081 930 1157 973; x_wconf 90' lang='lat' dir='ltr'><strong>cum</strong></span> 
     </span>
     <span class='ocr_line' id='line_1_10' title="bbox 145 996 1156 1062; baseline 0.002 -3"><span class='ocrx_word' id='word_1_68' title='bbox 145 996 304 1061; x_wconf 89' lang='lat' dir='ltr'><strong>militibus</strong></span> <span class='ocrx_word' id='word_1_69' title='bbox 319 997 401 1062; x_wconf 91' lang='lat' dir='ltr'><strong>meis</strong></span> <span class='ocrx_word' id='word_1_70' title='bbox 418 1033 454 1043; x_wconf 90' lang='lat'>-</span> <span class='ocrx_word' id='word_1_71' title='bbox 471 998 538 1062; x_wconf 92' lang='lat' dir='ltr'><strong>iam</strong></span> <span class='ocrx_word' id='word_1_72' title='bbox 558 998 644 1061; x_wconf 91' lang='lat' dir='ltr'><strong>enim</strong></span> <span class='ocrx_word' id='word_1_73' title='bbox 663 1018 731 1062; x_wconf 90' lang='lat' dir='ltr'><strong>esse</strong></span> <span class='ocrx_word' id='word_1_74' title='bbox 750 997 879 1062; x_wconf 87' lang='lat' dir='ltr'><strong>desistis</strong></span> <span class='ocrx_word' id='word_1_75' title='bbox 897 1033 935 1045; x_wconf 82' lang='lat'>-</span> <span class='ocrx_word' id='word_1_76' title='bbox 952 997 1008 1062; x_wconf 89' lang='lat' dir='ltr'><strong>sed</strong></span> <span class='ocrx_word' id='word_1_77' title='bbox 1025 1001 1064 1061; x_wconf 91' lang='lat' dir='ltr'><strong>ut</strong></span> <span class='ocrx_word' id='word_1_78' title='bbox 1082 1019 1156 1061; x_wconf 89' lang='lat' dir='ltr'><strong>cum</strong></span> 
     </span>
    </p>

    <p class='ocr_par' dir='ltr' id='par_1_4' title="bbox 92 1081 1156 1434">
     <span class='ocr_line' id='line_1_11' title="bbox 92 1081 1156 1170; baseline 0.006 -26"><span class='ocrx_word' id='word_1_79' title='bbox 92 1097 125 1145; x_wconf 74' lang='lat' dir='ltr'><strong>aa</strong></span> <span class='ocrx_word' id='word_1_80' title='bbox 145 1085 376 1168; x_wconf 85' lang='lat' dir='ltr'><strong>ingratissimis</strong></span> <span class='ocrx_word' id='word_1_81' title='bbox 409 1086 516 1169; x_wconf 90' lang='lat' dir='ltr'><strong>operis</strong></span> <span class='ocrx_word' id='word_1_82' title='bbox 549 1106 644 1169; x_wconf 86' lang='lat' dir='ltr'><strong>agere</strong></span> <span class='ocrx_word' id='word_1_83' title='bbox 676 1086 810 1150; x_wconf 88' lang='lat' dir='ltr'><strong>decrevi.</strong></span> <span class='ocrx_word' id='word_1_84' title='bbox 862 1081 1014 1150; x_wconf 80' lang='lat' dir='ltr'><strong>Secundis</strong></span> <span class='ocrx_word' id='word_1_85' title='bbox 1049 1086 1156 1170; x_wconf 89' lang='lat' dir='ltr'><strong>rebus,</strong></span> 
     </span>
     <span class='ocr_line' id='line_1_12' title="bbox 146 1170 1155 1257; baseline 0 -19"><span class='ocrx_word' id='word_1_86' title='bbox 146 1195 226 1257; x_wconf 90' lang='lat' dir='ltr'><strong>quae</strong></span> <span class='ocrx_word' id='word_1_87' title='bbox 250 1175 475 1239; x_wconf 88' lang='lat' dir='ltr'><strong>circumfluunt</strong></span> <span class='ocrx_word' id='word_1_88' title='bbox 497 1195 564 1257; x_wconf 84' lang='lat' dir='ltr'><strong>ros,</strong></span> <span class='ocrx_word' id='word_1_89' title='bbox 587 1175 727 1238; x_wconf 87' lang='lat' dir='ltr'><strong>insanire</strong></span> <span class='ocrx_word' id='word_1_90' title='bbox 749 1170 912 1257; x_wconf 88' lang='lat' dir='ltr'><strong>coepistis,</strong></span> <span class='ocrx_word' id='word_1_91' title='bbox 935 1173 1029 1237; x_wconf 89' lang='lat' dir='ltr'><strong>obliti</strong></span> <span class='ocrx_word' id='word_1_92' title='bbox 1048 1177 1155 1239; x_wconf 88' lang='lat' dir='ltr'><strong>status</strong></span> 
     </span>
     <span class='ocr_line' id='line_1_13' title="bbox 145 1262 1156 1347; baseline -0.002 -20"><span class='ocrx_word' id='word_1_93' title='bbox 145 1263 228 1347; x_wconf 89' lang='lat' dir='ltr'><strong>eius,</strong></span> <span class='ocrx_word' id='word_1_94' title='bbox 254 1284 349 1347; x_wconf 89' lang='lat' dir='ltr'><strong>quern</strong></span> <span class='ocrx_word' id='word_1_95' title='bbox 371 1262 527 1328; x_wconf 88' lang='lat' dir='ltr'><strong>beneficio</strong></span> <span class='ocrx_word' id='word_1_96' title='bbox 550 1263 684 1326; x_wconf 83' lang='lat' dir='ltr'><strong>exuistis</strong></span> <span class='ocrx_word' id='word_1_97' title='bbox 707 1284 793 1346; x_wconf 88' lang='lat' dir='ltr'><strong>meo,</strong></span> <span class='ocrx_word' id='word_1_98' title='bbox 821 1262 1076 1346; x_wconf 38' lang='lat' dir='ltr'><strong>dignixhercule,</strong></span> <span class='ocrx_word' id='word_1_99' title='bbox 1101 1263 1156 1345; x_wconf 94' lang='lat' dir='ltr'><strong>qui</strong></span> 
     </span>
     <span class='ocr_line' id='line_1_14' title="bbox 144 1349 1155 1434; baseline -0.001 -19"><span class='ocrx_word' id='word_1_100' title='bbox 144 1353 178 1415; x_wconf 93' lang='lat' dir='ltr'><strong>in</strong></span> <span class='ocrx_word' id='word_1_101' title='bbox 207 1352 318 1415; x_wconf 91' lang='lat' dir='ltr'><strong>eodem</strong></span> <span class='ocrx_word' id='word_1_102' title='bbox 350 1351 602 1430; x_wconf 88' lang='lat' dir='ltr'><strong>consenescatis,</strong></span> <span class='ocrx_word' id='word_1_103' title='bbox 634 1350 786 1434; x_wconf 88' lang='lat' dir='ltr'><strong>quoniam</strong></span> <span class='ocrx_word' id='word_1_104' title='bbox 818 1349 946 1414; x_wconf 84' lang='lat' dir='ltr'><strong>facilius</strong></span> <span class='ocrx_word' id='word_1_105' title='bbox 981 1353 1030 1414; x_wconf 89' lang='lat' dir='ltr'><strong>est</strong></span> <span class='ocrx_word' id='word_1_106' title='bbox 1061 1350 1155 1414; x_wconf 82' lang='lat' dir='ltr'><strong>vobis</strong></span> 
     </span>
    </p>

    <p class='ocr_par' dir='ltr' id='par_1_5' title="bbox 92 1434 1156 1964">
     <span class='ocr_line' id='line_1_15' title="bbox 92 1434 1154 1523; baseline 0.005 -25"><span class='ocrx_word' id='word_1_107' title='bbox 92 1450 125 1498; x_wconf 76' lang='lat'><strong>23</strong></span> <span class='ocrx_word' id='word_1_108' title='bbox 145 1439 313 1504; x_wconf 88' lang='lat' dir='ltr'><strong>adversam</strong></span> <span class='ocrx_word' id='word_1_109' title='bbox 341 1461 438 1523; x_wconf 92' lang='lat' dir='ltr'><strong>quam</strong></span> <span class='ocrx_word' id='word_1_110' title='bbox 466 1438 639 1502; x_wconf 90' lang='lat' dir='ltr'><strong>secundam</strong></span> <span class='ocrx_word' id='word_1_111' title='bbox 666 1457 777 1521; x_wconf 85' lang='lat' dir='ltr'><strong>regere</strong></span> <span class='ocrx_word' id='word_1_112' title='bbox 800 1434 974 1503; x_wconf 85' lang='lat' dir='ltr'><strong>fortunam.</strong></span> <span class='ocrx_word' id='word_1_113' title='bbox 1010 1436 1062 1501; x_wconf 79' lang='lat' dir='ltr'><strong>En</strong></span> <span class='ocrx_word' id='word_1_114' title='bbox 1083 1442 1154 1503; x_wconf 89' lang='lat' dir='ltr'><strong>tan·</strong></span> 
     </span>
     <span class='ocr_line' id='line_1_16' title="bbox 145 1525 1155 1611; baseline -0.001 -21"><span class='ocrx_word' id='word_1_115' title='bbox 145 1526 232 1610; x_wconf 91' lang='lat' dir='ltr'><strong>dem,</strong></span> <span class='ocrx_word' id='word_1_116' title='bbox 263 1527 449 1611; x_wconf 83' lang='lat' dir='ltr'><strong>Illyriorum</strong></span> <span class='ocrx_word' id='word_1_117' title='bbox 481 1526 578 1609; x_wconf 92' lang='lat' dir='ltr'><strong>paulo</strong></span> <span class='ocrx_word' id='word_1_118' title='bbox 608 1529 682 1589; x_wconf 89' lang='lat' dir='ltr'><strong>ante</strong></span> <span class='ocrx_word' id='word_1_119' title='bbox 711 1529 743 1589; x_wconf 87' lang='lat' dir='ltr'><strong>et</strong></span> <span class='ocrx_word' id='word_1_120' title='bbox 769 1525 942 1590; x_wconf 89' lang='lat' dir='ltr'><strong>Persarum</strong></span> <span class='ocrx_word' id='word_1_121' title='bbox 970 1527 1155 1591; x_wconf 91' lang='lat' dir='ltr'><strong>tributariis</strong></span> 
     </span>
     <span class='ocr_line' id='line_1_17' title="bbox 145 1613 1154 1698; baseline 0 -20"><span class='ocrx_word' id='word_1_122' title='bbox 145 1615 225 1679; x_wconf 83' lang='lat' dir='ltr'><strong>Asia</strong></span> <span class='ocrx_word' id='word_1_123' title='bbox 253 1618 286 1679; x_wconf 92' lang='lat' dir='ltr'><strong>et</strong></span> <span class='ocrx_word' id='word_1_124' title='bbox 312 1617 363 1679; x_wconf 91' lang='lat' dir='ltr'><strong>tot</strong></span> <span class='ocrx_word' id='word_1_125' title='bbox 386 1615 533 1698; x_wconf 84' lang='lat' dir='ltr'><strong>gentium</strong></span> <span class='ocrx_word' id='word_1_126' title='bbox 561 1614 666 1698; x_wconf 93' lang='lat' dir='ltr'><strong>spolia</strong></span> <span class='ocrx_word' id='word_1_127' title='bbox 688 1613 820 1679; x_wconf 90' lang='lat' dir='ltr'><strong>fastidio</strong></span> <span class='ocrx_word' id='word_1_128' title='bbox 844 1618 927 1679; x_wconf 91' lang='lat' dir='ltr'><strong>sunt.</strong></span> <span class='ocrx_word' id='word_1_129' title='bbox 972 1613 1068 1679; x_wconf 91' lang='lat' dir='ltr'><strong>Modo</strong></span> <span class='ocrx_word' id='word_1_130' title='bbox 1094 1615 1154 1679; x_wconf 90' lang='lat' dir='ltr'><strong>sub</strong></span> 
     </span>
     <span class='ocr_line' id='line_1_18' title="bbox 144 1703 1154 1788; baseline 0 -21"><span class='ocrx_word' id='word_1_131' title='bbox 144 1703 296 1788; x_wconf 92' lang='lat' dir='ltr'><strong>Philippo</strong></span> <span class='ocrx_word' id='word_1_132' title='bbox 316 1703 490 1768; x_wconf 86' lang='lat' dir='ltr'><strong>seminudis</strong></span> <span class='ocrx_word' id='word_1_133' title='bbox 510 1703 648 1768; x_wconf 89' lang='lat' dir='ltr'><strong>amicula</strong></span> <span class='ocrx_word' id='word_1_134' title='bbox 666 1725 703 1768; x_wconf 85' lang='lat' dir='ltr'><strong>ex</strong></span> <span class='ocrx_word' id='word_1_135' title='bbox 722 1726 865 1787; x_wconf 86' lang='lat' dir='ltr'><strong>purpura</strong></span> <span class='ocrx_word' id='word_1_136' title='bbox 882 1703 1023 1786; x_wconf 90' lang='lat' dir='ltr'><strong>sordent,</strong></span> <span class='ocrx_word' id='word_1_137' title='bbox 1040 1725 1154 1768; x_wconf 91' lang='lat' dir='ltr'><strong>aurum</strong></span> 
     </span>
     <span class='ocr_line' id='line_1_19' title="bbox 145 1791 1156 1876; baseline 0 -20"><span class='ocrx_word' id='word_1_138' title='bbox 145 1796 178 1858; x_wconf 91' lang='lat' dir='ltr'><strong>et</strong></span> <span class='ocrx_word' id='word_1_139' title='bbox 196 1798 367 1876; x_wconf 84' lang='lat' dir='ltr'><strong>argentum</strong></span> <span class='ocrx_word' id='word_1_140' title='bbox 386 1793 471 1858; x_wconf 90' lang='lat' dir='ltr'><strong>oculi</strong></span> <span class='ocrx_word' id='word_1_141' title='bbox 489 1792 573 1857; x_wconf 90' lang='lat' dir='ltr'><strong>ferre</strong></span> <span class='ocrx_word' id='word_1_142' title='bbox 591 1815 656 1857; x_wconf 91' lang='lat' dir='ltr'><strong>non</strong></span> <span class='ocrx_word' id='word_1_143' title='bbox 674 1796 824 1876; x_wconf 91' lang='lat' dir='ltr'><strong>possunt:</strong></span> <span class='ocrx_word' id='word_1_144' title='bbox 846 1793 955 1875; x_wconf 81' lang='lat' dir='ltr'><strong>lignea</strong></span> <span class='ocrx_word' id='word_1_145' title='bbox 974 1791 1059 1855; x_wconf 88' lang='lat' dir='ltr'><strong>enim</strong></span> <span class='ocrx_word' id='word_1_146' title='bbox 1076 1813 1156 1856; x_wconf 91' lang='lat' dir='ltr'><strong>vasa</strong></span> 
     </span>
     <span class='ocr_line' id='line_1_20' title="bbox 144 1880 1155 1964; baseline -0.001 -19"><span class='ocrx_word' id='word_1_147' title='bbox 144 1881 328 1946; x_wconf 91' lang='lat' dir='ltr'><strong>desiderant</strong></span> <span class='ocrx_word' id='word_1_148' title='bbox 355 1884 388 1946; x_wconf 89' lang='lat' dir='ltr'><strong>et</strong></span> <span class='ocrx_word' id='word_1_149' title='bbox 416 1903 454 1946; x_wconf 86' lang='lat' dir='ltr'><strong>ex</strong></span> <span class='ocrx_word' id='word_1_150' title='bbox 481 1882 625 1946; x_wconf 90' lang='lat' dir='ltr'><strong>cratibus</strong></span> <span class='ocrx_word' id='word_1_151' title='bbox 648 1885 741 1946; x_wconf 90' lang='lat' dir='ltr'><strong>scuta</strong></span> <span class='ocrx_word' id='word_1_152' title='bbox 762 1880 1006 1964; x_wconf 84' lang='lat' dir='ltr'><strong>rubiginemque</strong></span> <span class='ocrx_word' id='word_1_153' title='bbox 1030 1880 1155 1964; x_wconf 78' lang='lat' dir='ltr'><strong>gladio-</strong></span> 
     </span>
    </p>

    <p class='ocr_par' dir='ltr' id='par_1_6' title="bbox 92 1969 1157 2317">
     <span class='ocr_line' id='line_1_21' title="bbox 92 1969 1155 2051; baseline 0.002 -22"><span class='ocrx_word' id='word_1_154' title='bbox 92 1981 127 2030; x_wconf 74' lang='lat'><strong>24</strong></span> <span class='ocrx_word' id='word_1_155' title='bbox 145 1993 226 2037; x_wconf 89' lang='lat' dir='ltr'><strong>rum.</strong></span> <span class='ocrx_word' id='word_1_156' title='bbox 263 1969 335 2034; x_wconf 91' lang='lat' dir='ltr'><strong>Hoc</strong></span> <span class='ocrx_word' id='word_1_157' title='bbox 358 1969 451 2034; x_wconf 84' lang='lat' dir='ltr'><strong>cultu&#39;</strong></span> <span class='ocrx_word' id='word_1_158' title='bbox 468 1970 609 2034; x_wconf 88' lang='lat' dir='ltr'><strong>nitentes</strong></span> <span class='ocrx_word' id='word_1_159' title='bbox 628 1990 685 2034; x_wconf 83' lang='lat' dir='ltr'><strong>ros</strong></span> <span class='ocrx_word' id='word_1_160' title='bbox 705 1969 814 2051; x_wconf 87' lang='lat' dir='ltr'><strong>accepi</strong></span> <span class='ocrx_word' id='word_1_161' title='bbox 833 1972 866 2032; x_wconf 86' lang='lat' dir='ltr'><strong>et</strong></span> <span class='ocrx_word' id='word_1_162' title='bbox 884 1986 908 2032; x_wconf 85' lang='lat' dir='ltr'><strong>n</strong></span> <span class='ocrx_word' id='word_1_163' title='bbox 927 1969 1052 2032; x_wconf 90' lang='lat' dir='ltr'><strong>talenta</strong></span> <span class='ocrx_word' id='word_1_164' title='bbox 1071 1969 1155 2032; x_wconf 85' lang='lat' dir='ltr'><strong>aeris</strong></span> 
     </span>
     <span class='ocr_line' id='line_1_22' title="bbox 145 2054 1156 2141; baseline 0 -21"><span class='ocrx_word' id='word_1_165' title='bbox 145 2058 257 2137; x_wconf 87' lang='lat' dir='ltr'><strong>alieni,</strong></span> <span class='ocrx_word' id='word_1_166' title='bbox 281 2078 352 2121; x_wconf 91' lang='lat' dir='ltr'><strong>oum</strong></span> <span class='ocrx_word' id='word_1_167' title='bbox 376 2057 481 2121; x_wconf 92' lang='lat' dir='ltr'><strong>omnis</strong></span> <span class='ocrx_word' id='word_1_168' title='bbox 504 2057 594 2140; x_wconf 84' lang='lat' dir='ltr'><strong>regia</strong></span> <span class='ocrx_word' id='word_1_169' title='bbox 619 2057 764 2139; x_wconf 87' lang='lat' dir='ltr'><strong>supellex</strong></span> <span class='ocrx_word' id='word_1_170' title='bbox 785 2054 872 2118; x_wconf 92' lang='lat' dir='ltr'><strong>haud</strong></span> <span class='ocrx_word' id='word_1_171' title='bbox 895 2057 1035 2140; x_wconf 89' lang='lat' dir='ltr'><strong>amplius</strong></span> <span class='ocrx_word' id='word_1_172' title='bbox 1057 2079 1156 2141; x_wconf 91' lang='lat' dir='ltr'><strong>quam</strong></span> 
     </span>
     <span class='ocr_line' id='line_1_23' title="bbox 144 2144 1156 2229; baseline -0.001 -20"><span class='ocrx_word' id='word_1_173' title='bbox 144 2162 193 2209; x_wconf 78' lang='lat' dir='ltr'><strong>nx</strong></span> <span class='ocrx_word' id='word_1_174' title='bbox 220 2145 418 2209; x_wconf 91' lang='lat' dir='ltr'><strong>talentorum</strong></span> <span class='ocrx_word' id='word_1_175' title='bbox 453 2148 535 2208; x_wconf 75' lang='lat' dir='ltr'><strong>esset</strong></span> <span class='ocrx_word' id='word_1_176' title='bbox 583 2144 662 2209; x_wconf 83' lang='lat' dir='ltr'><strong>Eece</strong></span> <span class='ocrx_word' id='word_1_177' title='bbox 697 2165 842 2208; x_wconf 91' lang='lat' dir='ltr'><strong>meorum</strong></span> <span class='ocrx_word' id='word_1_178' title='bbox 879 2166 1012 2229; x_wconf 92' lang='lat' dir='ltr'><strong>operum</strong></span> <span class='ocrx_word' id='word_1_179' title='bbox 1044 2144 1156 2209; x_wconf 90' lang='lat' dir='ltr'><strong>funda-</strong></span> 
     </span>
     <span class='ocr_line' id='line_1_24' title="bbox 144 2230 1157 2317; baseline 0 -20"><span class='ocrx_word' id='word_1_180' title='bbox 144 2234 268 2298; x_wconf 86' lang='lat' dir='ltr'><strong>menta!</strong></span> <span class='ocrx_word' id='word_1_181' title='bbox 303 2233 419 2317; x_wconf 90' lang='lat' dir='ltr'><strong>quibus</strong></span> <span class='ocrx_word' id='word_1_182' title='bbox 451 2236 561 2298; x_wconf 87' lang='lat' dir='ltr'><strong>tamen</strong></span> <span class='ocrx_word' id='word_1_183' title='bbox 588 2268 625 2278; x_wconf 90' lang='lat'><em>-</em></span> <span class='ocrx_word' id='word_1_184' title='bbox 653 2230 740 2297; x_wconf 89' lang='lat' dir='ltr'><strong>absit</strong></span> <span class='ocrx_word' id='word_1_185' title='bbox 771 2232 895 2296; x_wconf 83' lang='lat' dir='ltr'><strong>invidia</strong></span> <span class='ocrx_word' id='word_1_186' title='bbox 921 2268 957 2279; x_wconf 95' lang='lat'><em>-</em></span> <span class='ocrx_word' id='word_1_187' title='bbox 983 2232 1157 2315; x_wconf 87' lang='lat' dir='ltr'><strong>imperium</strong></span> 
     </span>
    </p>

    <p class='ocr_par' dir='ltr' id='par_1_7' title="bbox 93 2317 1156 2498">
     <span class='ocr_line' id='line_1_25' title="bbox 93 2317 1156 2405; baseline 0 -21"><span class='ocrx_word' id='word_1_188' title='bbox 93 2335 127 2384; x_wconf 77' lang='lat'><strong>25</strong></span> <span class='ocrx_word' id='word_1_189' title='bbox 145 2323 305 2388; x_wconf 83' lang='lat' dir='ltr'><strong>maximae</strong></span> <span class='ocrx_word' id='word_1_190' title='bbox 327 2325 488 2387; x_wconf 90' lang='lat' dir='ltr'><strong>terrarum</strong></span> <span class='ocrx_word' id='word_1_191' title='bbox 511 2321 613 2405; x_wconf 90' lang='lat' dir='ltr'><strong>partis</strong></span> <span class='ocrx_word' id='word_1_192' title='bbox 636 2320 774 2403; x_wconf 82' lang='lat' dir='ltr'><strong>inposui.</strong></span> <span class='ocrx_word' id='word_1_193' title='bbox 812 2317 952 2385; x_wconf 83' lang='lat' dir='ltr'><strong>Asiaene</strong></span> <span class='ocrx_word' id='word_1_194' title='bbox 970 2325 1156 2403; x_wconf 88' lang='lat' dir='ltr'><strong>pertaesum</strong></span> 
     </span>
     <span class='ocr_line' id='line_1_26' title="bbox 146 2407 1156 2498; baseline -0.002 -22"><span class='ocrx_word' id='word_1_195' title='bbox 146 2416 210 2498; x_wconf 91' lang='lat' dir='ltr'><strong>est,</strong></span> <span class='ocrx_word' id='word_1_196' title='bbox 233 2433 314 2496; x_wconf 89' lang='lat' dir='ltr'><strong>quae</strong></span> <span class='ocrx_word' id='word_1_197' title='bbox 336 2432 395 2477; x_wconf 87' lang='lat' dir='ltr'><strong>vos</strong></span> <span class='ocrx_word' id='word_1_198' title='bbox 418 2411 523 2497; x_wconf 83' lang='lat' dir='ltr'><strong>gloria</strong></span> <span class='ocrx_word' id='word_1_199' title='bbox 546 2412 843 2492; x_wconf 80' lang='lat' dir='ltr'><strong>rerumgestarum</strong></span> <span class='ocrx_word' id='word_1_200' title='bbox 866 2407 915 2471; x_wconf 93' lang='lat' dir='ltr'><strong>dis</strong></span> <span class='ocrx_word' id='word_1_201' title='bbox 938 2429 1033 2490; x_wconf 92' lang='lat' dir='ltr'><strong>pares</strong></span> <span class='ocrx_word' id='word_1_202' title='bbox 1055 2408 1156 2473; x_wconf 82' lang='lat' dir='ltr'><strong>fecit?</strong></span> 
     </span>
    </p>

    <p class='ocr_par' dir='ltr' id='par_1_8' title="bbox 64 2494 1157 2666">
     <span class='ocr_line' id='line_1_27' title="bbox 64 2494 1157 2584; baseline -0.005 -18"><span class='ocrx_word' id='word_1_203' title='bbox 64 2527 67 2532; x_wconf 55' lang='lat'><strong><em>⁴</em></strong></span> <span class='ocrx_word' id='word_1_204' title='bbox 145 2499 185 2566; x_wconf 89' lang='lat' dir='ltr'><strong>In</strong></span> <span class='ocrx_word' id='word_1_205' title='bbox 211 2499 377 2584; x_wconf 80' lang='lat' dir='ltr'><strong>Europam</strong></span> <span class='ocrx_word' id='word_1_206' title='bbox 404 2500 452 2564; x_wconf 92' lang='lat' dir='ltr'><strong>ire</strong></span> <span class='ocrx_word' id='word_1_207' title='bbox 478 2497 659 2583; x_wconf 87' lang='lat' dir='ltr'><strong>properatis</strong></span> <span class='ocrx_word' id='word_1_208' title='bbox 685 2515 762 2579; x_wconf 84' lang='lat' dir='ltr'><strong>rege</strong></span> <span class='ocrx_word' id='word_1_209' title='bbox 785 2494 926 2578; x_wconf 91' lang='lat' dir='ltr'><strong>deserto,</strong></span> <span class='ocrx_word' id='word_1_210' title='bbox 957 2515 1029 2558; x_wconf 90' lang='lat' dir='ltr'><strong>cum</strong></span> <span class='ocrx_word' id='word_1_211' title='bbox 1056 2495 1157 2576; x_wconf 93' lang='lat' dir='ltr'><strong>pluri-</strong></span> 
     </span>
     <span class='ocr_line' id='line_1_28' title="bbox 145 2582 1156 2666; baseline -0.006 -12"><span class='ocrx_word' id='word_1_212' title='bbox 145 2590 206 2654; x_wconf 92' lang='lat' dir='ltr'><strong>bus</strong></span> <span class='ocrx_word' id='word_1_213' title='bbox 223 2592 365 2654; x_wconf 87' lang='lat' dir='ltr'><strong>vestrum</strong></span> <span class='ocrx_word' id='word_1_214' title='bbox 387 2585 570 2652; x_wconf 87' lang='lat' dir='ltr'><strong>defuturum</strong></span> <span class='ocrx_word' id='word_1_215' title='bbox 588 2583 742 2650; x_wconf 82' lang='lat' dir='ltr'><strong>viaticum</strong></span> <span class='ocrx_word' id='word_1_216' title='bbox 759 2583 870 2666; x_wconf 87' lang='lat' dir='ltr'><strong>fuerit,</strong></span> <span class='ocrx_word' id='word_1_217' title='bbox 888 2582 922 2647; x_wconf 94' lang='lat' dir='ltr'><strong>ni</strong></span> <span class='ocrx_word' id='word_1_218' title='bbox 941 2603 995 2647; x_wconf 84' lang='lat' dir='ltr'><strong>aes</strong></span> <span class='ocrx_word' id='word_1_219' title='bbox 1014 2582 1156 2648; x_wconf 90' lang='lat' dir='ltr'><strong>alienum</strong></span> 
     </span>
    </p>

    <p class='ocr_par' dir='ltr' id='par_1_9' title="bbox 93 2670 1206 3290">
     <span class='ocr_line' id='line_1_29' title="bbox 93 2670 1156 2758; baseline -0.002 -20"><span class='ocrx_word' id='word_1_220' title='bbox 93 2689 127 2739; x_wconf 77' lang='lat' dir='ltr'><strong>ao</strong></span> <span class='ocrx_word' id='word_1_221' title='bbox 146 2678 292 2758; x_wconf 91' lang='lat' dir='ltr'><strong>luissem,</strong></span> <span class='ocrx_word' id='word_1_222' title='bbox 321 2697 437 2758; x_wconf 89' lang='lat' dir='ltr'><strong>nempe</strong></span> <span class='ocrx_word' id='word_1_223' title='bbox 464 2676 498 2740; x_wconf 91' lang='lat' dir='ltr'><strong>in</strong></span> <span class='ocrx_word' id='word_1_224' title='bbox 524 2672 671 2738; x_wconf 80' lang='lat' dir='ltr'><strong>Asiatica</strong></span> <span class='ocrx_word' id='word_1_225' title='bbox 697 2672 825 2757; x_wconf 88' lang='lat' dir='ltr'><strong>praeda.</strong></span> <span class='ocrx_word' id='word_1_226' title='bbox 869 2670 938 2736; x_wconf 89' lang='lat' dir='ltr'><strong>Nec</strong></span> <span class='ocrx_word' id='word_1_227' title='bbox 963 2671 1062 2755; x_wconf 91' lang='lat' dir='ltr'><strong>pudet</strong></span> <span class='ocrx_word' id='word_1_228' title='bbox 1083 2694 1156 2756; x_wconf 93' lang='lat' dir='ltr'><strong>pro·</strong></span> 
     </span>
     <span class='ocr_line' id='line_1_30' title="bbox 145 2759 1156 2844; baseline -0.006 -14"><span class='ocrx_word' id='word_1_229' title='bbox 145 2765 243 2830; x_wconf 90' lang='lat' dir='ltr'><strong>fundo</strong></span> <span class='ocrx_word' id='word_1_230' title='bbox 262 2767 373 2829; x_wconf 85' lang='lat' dir='ltr'><strong>ventre</strong></span> <span class='ocrx_word' id='word_1_231' title='bbox 392 2763 590 2828; x_wconf 84' lang='lat' dir='ltr'><strong>devictarum</strong></span> <span class='ocrx_word' id='word_1_232' title='bbox 609 2762 754 2844; x_wconf 84' lang='lat' dir='ltr'><strong>gentium</strong></span> <span class='ocrx_word' id='word_1_233' title='bbox 773 2761 878 2844; x_wconf 90' lang='lat' dir='ltr'><strong>spolia</strong></span> <span class='ocrx_word' id='word_1_234' title='bbox 896 2759 1156 2826; x_wconf 87' lang='lat' dir='ltr'><strong>circumferentes</strong></span> 
     </span>
     <span class='ocr_line' id='line_1_31' title="bbox 146 2849 1206 2934; baseline -0.005 -18"><span class='ocrx_word' id='word_1_235' title='bbox 146 2854 264 2917; x_wconf 84' lang='lat' dir='ltr'><strong>reverti</strong></span> <span class='ocrx_word' id='word_1_236' title='bbox 300 2851 383 2916; x_wconf 85' lang='lat' dir='ltr'><strong>velle</strong></span> <span class='ocrx_word' id='word_1_237' title='bbox 420 2851 460 2915; x_wconf 90' lang='lat' dir='ltr'><strong>ad</strong></span> <span class='ocrx_word' id='word_1_238' title='bbox 492 2850 613 2914; x_wconf 91' lang='lat' dir='ltr'><strong>liberos</strong></span> <span class='ocrx_word' id='word_1_239' title='bbox 645 2851 873 2934; x_wconf 86' lang='lat' dir='ltr'><strong>coniugesque,</strong></span> <span class='ocrx_word' id='word_1_240' title='bbox 910 2849 1025 2932; x_wconf 91' lang='lat' dir='ltr'><strong>quibus</strong></span> <span class='ocrx_word' id='word_1_241' title='bbox 1062 2850 1157 2931; x_wconf 91' lang='lat' dir='ltr'><strong>pauci</strong></span> <span class='ocrx_word' id='word_1_242' title='bbox 1203 2890 1206 2896; x_wconf 94' lang='lat'>-</span> 
     </span>
     <span class='ocr_line' id='line_1_32' title="bbox 146 2938 1156 3023; baseline -0.004 -20"><span class='ocrx_word' id='word_1_243' title='bbox 146 2940 290 3023; x_wconf 89' lang='lat' dir='ltr'><strong>praemia</strong></span> <span class='ocrx_word' id='word_1_244' title='bbox 315 2939 470 3003; x_wconf 86' lang='lat' dir='ltr'><strong>victoriae</strong></span> <span class='ocrx_word' id='word_1_245' title='bbox 497 2939 635 3022; x_wconf 87' lang='lat' dir='ltr'><strong>potestis</strong></span> <span class='ocrx_word' id='word_1_246' title='bbox 659 2938 840 3003; x_wconf 86' lang='lat' dir='ltr'><strong>ostendere:</strong></span> <span class='ocrx_word' id='word_1_247' title='bbox 868 2959 944 3001; x_wconf 88' lang='lat' dir='ltr'><strong>nam</strong></span> <span class='ocrx_word' id='word_1_248' title='bbox 968 2940 1156 3020; x_wconf 90' lang='lat' dir='ltr'><strong>ceterorum,</strong></span> 
     </span>
     <span class='ocr_line' id='line_1_33' title="bbox 146 3026 1156 3111; baseline -0.006 -18"><span class='ocrx_word' id='word_1_249' title='bbox 146 3029 221 3093; x_wconf 92' lang='lat' dir='ltr'><strong>dum</strong></span> <span class='ocrx_word' id='word_1_250' title='bbox 254 3027 354 3092; x_wconf 88' lang='lat' dir='ltr'><strong>etiam</strong></span> <span class='ocrx_word' id='word_1_251' title='bbox 384 3027 453 3111; x_wconf 90' lang='lat' dir='ltr'><strong>spei</strong></span> <span class='ocrx_word' id='word_1_252' title='bbox 484 3028 611 3092; x_wconf 83' lang='lat' dir='ltr'><strong>vestrae</strong></span> <span class='ocrx_word' id='word_1_253' title='bbox 639 3028 769 3091; x_wconf 89' lang='lat' dir='ltr'><strong>obviam</strong></span> <span class='ocrx_word' id='word_1_254' title='bbox 796 3026 881 3110; x_wconf 91' lang='lat' dir='ltr'><strong>istis,</strong></span> <span class='ocrx_word' id='word_1_255' title='bbox 913 3047 1003 3089; x_wconf 89' lang='lat' dir='ltr'><strong>arma</strong></span> <span class='ocrx_word' id='word_1_256' title='bbox 1030 3045 1156 3108; x_wconf 90' lang='lat' dir='ltr'><strong>quoque</strong></span> 
     </span>
     <span class='ocr_line' id='line_1_34' title="bbox 93 3114 1157 3202; baseline -0.002 -25"><span class='ocrx_word' id='word_1_257' title='bbox 93 3130 127 3177; x_wconf 69' lang='lat' dir='ltr'><strong>aa</strong></span> <span class='ocrx_word' id='word_1_258' title='bbox 146 3117 276 3202; x_wconf 84' lang='lat' dir='ltr'><strong>pignori</strong></span> <span class='ocrx_word' id='word_1_259' title='bbox 313 3118 397 3182; x_wconf 85' lang='lat' dir='ltr'><strong>sunt</strong></span> <span class='ocrx_word' id='word_1_260' title='bbox 446 3114 548 3179; x_wconf 92' lang='lat' dir='ltr'><strong>Bonis</strong></span> <span class='ocrx_word' id='word_1_261' title='bbox 580 3138 655 3180; x_wconf 89' lang='lat' dir='ltr'><strong>vero</strong></span> <span class='ocrx_word' id='word_1_262' title='bbox 692 3115 851 3179; x_wconf 90' lang='lat' dir='ltr'><strong>militibus</strong></span> <span class='ocrx_word' id='word_1_263' title='bbox 884 3114 1043 3178; x_wconf 87' lang='lat' dir='ltr'><strong>cariturus</strong></span> <span class='ocrx_word' id='word_1_264' title='bbox 1077 3135 1157 3195; x_wconf 91' lang='lat' dir='ltr'><strong>sum,</strong></span> 
     </span>
     <span class='ocr_line' id='line_1_35' title="bbox 145 3201 1157 3290; baseline -0.007 -20"><span class='ocrx_word' id='word_1_265' title='bbox 145 3207 284 3290; x_wconf 88' lang='lat' dir='ltr'><strong>pelicum</strong></span> <span class='ocrx_word' id='word_1_266' title='bbox 304 3228 435 3271; x_wconf 90' lang='lat' dir='ltr'><strong>suarum</strong></span> <span class='ocrx_word' id='word_1_267' title='bbox 454 3204 653 3288; x_wconf 87' lang='lat' dir='ltr'><strong>concubinis,</strong></span> <span class='ocrx_word' id='word_1_268' title='bbox 673 3205 788 3288; x_wconf 91' lang='lat' dir='ltr'><strong>quibus</strong></span> <span class='ocrx_word' id='word_1_269' title='bbox 807 3202 869 3266; x_wconf 93' lang='lat' dir='ltr'><strong>hoc</strong></span> <span class='ocrx_word' id='word_1_270' title='bbox 886 3203 989 3265; x_wconf 92' lang='lat' dir='ltr'><strong>solum</strong></span> <span class='ocrx_word' id='word_1_271' title='bbox 1004 3222 1042 3264; x_wconf 87' lang='lat' dir='ltr'><strong>ex</strong></span> <span class='ocrx_word' id='word_1_272' title='bbox 1057 3201 1157 3265; x_wconf 89' lang='lat' dir='ltr'><strong>tantis</strong></span> 
     </span>
    </p>

    <p class='ocr_par' dir='ltr' id='par_1_10' title="bbox 37 3288 1157 3378">
     <span class='ocr_line' id='line_1_36' title="bbox 37 3288 1157 3378; baseline -0.006 -19"><span class='ocrx_word' id='word_1_273' title='bbox 37 3323 41 3329; x_wconf 91' lang='lat'>·</span> <span class='ocrx_word' id='word_1_274' title='bbox 147 3295 263 3378; x_wconf 92' lang='lat' dir='ltr'><strong>opibus</strong></span> <span class='ocrx_word' id='word_1_275' title='bbox 283 3298 443 3377; x_wconf 86' lang='lat' dir='ltr'><strong>superest,</strong></span> <span class='ocrx_word' id='word_1_276' title='bbox 461 3293 496 3357; x_wconf 93' lang='lat' dir='ltr'><strong>in</strong></span> <span class='ocrx_word' id='word_1_277' title='bbox 514 3293 599 3376; x_wconf 91' lang='lat' dir='ltr'><strong>quod</strong></span> <span class='ocrx_word' id='word_1_278' title='bbox 618 3292 811 3376; x_wconf 88' lang='lat' dir='ltr'><strong>inpenditur.</strong></span> <span class='ocrx_word' id='word_1_279' title='bbox 848 3289 986 3353; x_wconf 90' lang='lat' dir='ltr'><strong>Proinde</strong></span> <span class='ocrx_word' id='word_1_280' title='bbox 1004 3288 1157 3372; x_wconf 84' lang='lat' dir='ltr'><strong>fugienti-</strong></span> 
     </span>
    </p>

    <p class='ocr_par' dir='ltr' id='par_1_11' title="bbox 146 3377 1158 3464">
     <span class='ocr_line' id='line_1_37' title="bbox 146 3377 1158 3464; baseline -0.008 -16"><span class='ocrx_word' id='word_1_281' title='bbox 146 3384 207 3448; x_wconf 89' lang='lat' dir='ltr'><strong>bus</strong></span> <span class='ocrx_word' id='word_1_282' title='bbox 231 3404 282 3446; x_wconf 93' lang='lat' dir='ltr'><strong>me</strong></span> <span class='ocrx_word' id='word_1_283' title='bbox 305 3386 440 3464; x_wconf 87' lang='lat' dir='ltr'><strong>pateant</strong></span> <span class='ocrx_word' id='word_1_284' title='bbox 462 3381 595 3445; x_wconf 90' lang='lat' dir='ltr'><strong>limites:</strong></span> <span class='ocrx_word' id='word_1_285' title='bbox 617 3379 767 3444; x_wconf 88' lang='lat' dir='ltr'><strong>facessite</strong></span> <span class='ocrx_word' id='word_1_286' title='bbox 789 3378 866 3441; x_wconf 92' lang='lat' dir='ltr'><strong>hinc</strong></span> <span class='ocrx_word' id='word_1_287' title='bbox 883 3377 981 3456; x_wconf 88' lang='lat' dir='ltr'><strong>ocius,</strong></span> <span class='ocrx_word' id='word_1_288' title='bbox 1005 3397 1065 3461; x_wconf 85' lang='lat' dir='ltr'><strong>ego</strong></span> <span class='ocrx_word' id='word_1_289' title='bbox 1085 3399 1158 3441; x_wconf 91' lang='lat' dir='ltr'><strong>cum</strong></span> 
     </span>
    </p>
   </div>
   <div class='ocr_carea' id='block_1_3' title="bbox 87 3464 1159 3642">
    <p class='ocr_par' dir='ltr' id='par_1_12' title="bbox 87 3464 1159 3642">
     <span class='ocr_line' id='line_1_38' title="bbox 146 3464 1159 3553; baseline -0.008 -18"><span class='ocrx_word' id='word_1_290' title='bbox 146 3470 254 3535; x_wconf 89' lang='lat' dir='ltr'><strong>Persis</strong></span> <span class='ocrx_word' id='word_1_291' title='bbox 273 3469 461 3533; x_wconf 89' lang='lat' dir='ltr'><strong>abeuntium</strong></span> <span class='ocrx_word' id='word_1_292' title='bbox 479 3473 572 3553; x_wconf 83' lang='lat' dir='ltr'><strong>terga</strong></span> <span class='ocrx_word' id='word_1_293' title='bbox 589 3467 730 3532; x_wconf 87' lang='lat' dir='ltr'><strong>tutabor.</strong></span> <span class='ocrx_word' id='word_1_294' title='bbox 761 3464 933 3530; x_wconf 90' lang='lat' dir='ltr'><strong>Neminem</strong></span> <span class='ocrx_word' id='word_1_295' title='bbox 951 3469 1060 3529; x_wconf 87' lang='lat' dir='ltr'><strong>teneo:</strong></span> <span class='ocrx_word' id='word_1_296' title='bbox 1078 3465 1159 3528; x_wconf 94' lang='lat' dir='ltr'><strong>libe-</strong></span> 
     </span>
     <span class='ocr_line' id='line_1_39' title="bbox 87 3552 1159 3642; baseline -0.008 -19"><span class='ocrx_word' id='word_1_297' title='bbox 87 3564 215 3625; x_wconf 65' lang='lat' dir='ltr'><strong>assate</strong></span> <span class='ocrx_word' id='word_1_298' title='bbox 246 3557 356 3624; x_wconf 87' lang='lat' dir='ltr'><strong>oculos</strong></span> <span class='ocrx_word' id='word_1_299' title='bbox 384 3578 488 3642; x_wconf 92' lang='lat' dir='ltr'><strong>meos,</strong></span> <span class='ocrx_word' id='word_1_300' title='bbox 518 3554 733 3642; x_wconf 79' lang='lat' dir='ltr'><strong>ingratissimi</strong></span> <span class='ocrx_word' id='word_1_301' title='bbox 761 3553 856 3618; x_wconf 89' lang='lat' dir='ltr'><strong>cives.</strong></span> <span class='ocrx_word' id='word_1_302' title='bbox 900 3552 994 3616; x_wconf 86' lang='lat' dir='ltr'><strong>Laeti</strong></span> <span class='ocrx_word' id='word_1_303' title='bbox 1022 3573 1080 3615; x_wconf 87' lang='lat' dir='ltr'><strong>vos</strong></span> <span class='ocrx_word' id='word_1_304' title='bbox 1107 3573 1159 3615; x_wconf 86' lang='lat' dir='ltr'><strong>ex-</strong></span> 
     </span>
    </p>
   </div>
   <div class='ocr_carea' id='block_1_4' title="bbox 0 0 1216 3892">
    <p class='ocr_par' dir='ltr' id='par_1_13' title="bbox 0 0 1216 3892">
     <span class='ocr_line' id='line_1_40' title="bbox 0 0 1216 3892; baseline 0 0"><span class='ocrx_word' id='word_1_305' title='bbox 0 0 1216 3892; x_wconf 95' lang='lat' dir='ltr'><strong> </strong></span> 
     </span>
    </p>
   </div>
  </div>
 </body>
</html>
