2422 3892
252 181 505 238 HISTORIARUM
522 180 830 249 ALEXANDRI'VIII,
848 187 873 236 4.
892 187 917 234 o.
1028 180 1089 243 197

86 328 165 391 satis
194 330 288 393 cauta
315 327 496 390 mortalitas
524 330 582 389 est.
632 323 746 408 Itaque
777 325 847 407 ille,
878 323 934 407 qui
961 345 1094 389 uxorem
1112 335 1148 384 25

85 414 197 497 Darei,
225 415 280 498 qui
307 413 384 477 duas
408 413 490 478 filias
513 413 671 496 virgines,
700 412 817 496 quibus
839 411 946 476 forma
967 415 1095 494 praeter

85 502 241 567 Roxanen
255 502 426 584 conparari
439 502 531 565 nulla
544 504 681 582 poterat,
694 499 780 564 haud
795 500 860 564 alio
875 499 982 564 animo
998 520 1094 582 quarn

85 590 231 673 parentis
259 588 465 672 adspexerat,
491 592 569 654 tunc
591 589 625 652 in
654 609 797 653 amorem
817 588 1038 672 virgunculae,
1066 588 1094 650 si

85 679 195 761 regiae
213 678 308 761 stirpi
326 679 569 759 conpararetur,
590 675 744 760 ignobilis
767 676 814 740 ita
833 677 952 740 effusus
972 679 1036 759 est,
1059 678 1095 739 ut

86 765 206 830 diceret
232 766 273 829 ad
300 765 528 830 stabiliendum
555 784 692 846 regnum
719 763 895 847 pertinere,
921 763 1036 828 Persas
1062 765 1095 826 et

86 853 279 917 Macedones
302 853 439 917 conubio
463 853 567 936 iungi:
594 852 655 915 hoc
677 873 741 915 uno
766 851 861 917 modo
884 855 917 915 et
939 852 1094 934 pudorem

86 941 179 1005 vietis
198 945 232 1004 et
251 941 437 1023 superbiam
456 940 631 1004 victoribus
650 938 778 1003 detrahi
795 960 899 1024 posse.
930 939 1093 1004 Achillem
1112 950 1148 998 ao

87 1050 227 1112 quoque,
263 1051 283 1090 a
315 1049 378 1111 quo
410 1048 511 1112 genus
543 1029 613 1110 ipse
645 1025 827 1108 deduceret,
863 1047 936 1092 cum
967 1027 1094 1110 captiva

87 1117 199 1180 coisse.
243 1112 293 1179 Ne
316 1115 430 1179 inferri
451 1114 542 1178 nefas
566 1114 754 1198 arbitretur,
780 1113 872 1178 illam
895 1115 1094 1180 matrimonii

86 1203 155 1266 iure
177 1203 261 1267 velle
283 1203 383 1286 iungi.
427 1201 597 1285 Insperato
629 1202 746 1287 gaudio
775 1202 880 1266 laetus
907 1205 1001 1284 pater
1029 1224 1094 1267 ser·
1113 1213 1147 1264 27

87 1312 216 1354 monem
239 1291 307 1354 eius
330 1289 457 1373 excipit.
502 1290 547 1354 Et
568 1312 624 1354 rex
651 1290 685 1353 in
709 1290 813 1354 medio
838 1289 1023 1372 cupiditatis
1047 1312 1095 1354 ar·

87 1377 163 1442 dore
189 1377 284 1442 iussit
315 1377 434 1442 adferri
465 1378 571 1461 patrio
603 1399 691 1442 more
723 1398 840 1461 panem
867 1413 909 1424 —
936 1378 999 1441 hoc
1026 1382 1096 1442 erat

87 1465 171 1549 apud
197 1465 390 1531 Macedonas
418 1466 657 1530 sanctissimum
685 1466 869 1530 coeuntium
896 1465 1029 1550 pignus,
1055 1501 1092 1512 -

86 1575 181 1636 quem
204 1553 345 1618 divisum
367 1553 477 1638 gladio
496 1558 631 1637 uterque
654 1554 786 1618 libabat.
823 1550 927 1618 Credo
946 1575 1017 1638 eos,
1039 1553 1095 1637 qui
1113 1563 1147 1612 28

87 1641 193 1723 gentis
211 1662 317 1705 mores
331 1642 550 1725 condiderunt,
567 1663 666 1724 parco
681 1644 714 1704 et
731 1641 872 1724 parabili
889 1641 977 1705 victu
991 1644 1095 1706 osten·

87 1729 161 1792 dere
180 1729 322 1792 voluisse
344 1729 552 1812 iungentibus
573 1751 664 1811 opes,
689 1729 845 1812 quantulo
865 1729 1008 1794 contenti
1026 1750 1096 1793 esse

87 1816 249 1880 deberent.
280 1815 352 1881 Hoc
365 1816 460 1879 modo
479 1837 535 1879 rex
548 1814 646 1880 Asiae
665 1818 698 1879 et
711 1815 860 1898 Europae
876 1815 1095 1881 introductam
1113 1827 1149 1876 ae

88 1903 173 1967 inter
204 1903 388 1968 convivales
423 1901 516 1968 ludos
550 1902 757 1968 matrimonio
790 1902 854 1967 sibi
886 1903 1045 1986 adiunxit,
1079 1927 1095 1968 e

87 1991 214 2073 captiva
239 1990 419 2075 geniturus,
444 1991 499 2074 qui
521 1990 697 2056 victoribus
720 1991 904 2073 imperaret.
923 2063 926 2069 .
948 1990 1096 2056 Pudebat
1113 2003 1150 2051 30

88 2078 223 2161 amicos,
258 2099 355 2161 super
385 2078 497 2144 vinum
529 2082 562 2144 et
589 2079 701 2161 epulas
733 2101 880 2144 socerum
912 2100 950 2142 ex
979 2079 1095 2144 deditis

88 2186 157 2230 esse
181 2165 351 2249 delectum,
375 2167 430 2231 sed
451 2170 527 2249 post
545 2165 623 2232 oliti
644 2166 774 2231 caedem
792 2168 944 2233 libertate
967 2169 1096 2233 sublata

87 2254 194 2337 vultu,
218 2254 273 2336 qui
295 2254 434 2318 maxime
457 2255 572 2336 servit,
596 2254 868 2320 adsentiebantur.

522 2410 601 2476 Car.
624 2411 662 2476 V.

39 2515 76 2580 17
174 2515 326 2582 Ceterum
352 2517 479 2582 Indiam
506 2520 539 2580 et
565 2516 638 2580 inde
666 2515 827 2580 Oceanum
854 2517 1027 2600 petiturus,
1054 2529 1129 2582 nel

88 2604 165 2686 quid
188 2608 332 2688 atergo,
355 2605 441 2688 quod
460 2603 621 2669 destinata
641 2603 784 2685 inpedire
806 2607 930 2688 posset,
953 2626 1094 2670 movere·
1190 2620 1194 2627 '

86 2693 154 2773 tur,
182 2710 221 2754 ex
248 2691 397 2755 omnibus
425 2690 597 2773 provinciis
624 2708 698 2754 xxx
727 2690 816 2754 milia
842 2691 1004 2756 iuniorum
1030 2694 1095 2778 legi

86 2777 183 2841 iussit
200 2781 234 2842 et
252 2778 293 2842 ad
312 2799 346 2842 se
363 2781 488 2843 armata
505 2776 644 2860 perduci,
663 2778 790 2842 obsides
811 2779 907 2844 simul
924 2780 1094 2846 habiturus

88 2870 120 2929 et
134 2864 263 2929 milites.
294 2862 462 2930 Craterum
477 2868 586 2929 autem
601 2866 640 2929 ad
654 2867 890 2951 persequendos
904 2867 1095 2934 Haustanen
1113 2879 1129 2927 2

87 2956 121 3016 et
148 2950 304 3036 Catenen,
337 2954 392 3037 qui
424 2953 464 3019 ab
497 2955 568 3036 ipso
595 2953 791 3037 defecerant,
822 2956 925 3020 misit:
959 2978 1095 3040 quorum

86 3040 272 3106 Haustanes
286 3045 401 3125 eaptus
416 3045 474 3125 est,
492 3038 628 3106 (latenas
642 3043 677 3106 in
694 3043 818 3124 proelio
833 3044 965 3109 occisus.
997 3044 1095 3127 Poly-

86 3149 206 3210 percon
225 3151 350 3213 quoque
368 3130 545 3214 regionem,
564 3151 645 3213 quae
663 3130 833 3196 Bubacene
852 3132 1043 3214 appellatur,
1059 3133 1094 3196 in

87 3216 256 3281 dicionem
273 3217 406 3301 redegit.
450 3218 566 3301 Itaque
593 3218 742 3283 omnibus
771 3219 946 3303 conpositis
975 3220 1129 3305 cogita-3

86 3304 193 3368 tiones
220 3305 255 3369 in
282 3306 405 3370 bellum
428 3304 573 3370 Indicum
601 3306 707 3370 vertit.
752 3305 852 3370 Dives
879 3307 969 3391 regio
997 3308 1093 3373 habe-

86 3391 182 3455 batur
200 3414 266 3458 non
284 3415 361 3458 auro
381 3394 490 3476 modo,
513 3392 568 3458 sed
592 3394 728 3476 gemmis
752 3416 878 3479 quoque
895 3395 1095 3478 margaritis·

87 3501 161 3563 que,
193 3480 234 3544 ad
266 3479 378 3545 luxum
405 3482 511 3567 magis
542 3503 640 3566 quam
668 3481 711 3546 ad
740 3483 1032 3567 magmticent‘iam
1055 3501 1111 3538 ex·

83 3568 177 3631 culta
211 3567 323 3655 Periti,
341 3569 503 3638 militares
522 3572 604 3639 a'uro
620 3575 655 3639 et
675 3571 779 3639 ebore
791 3570 944 3654 tulgere,
959 3559 1144 3626 meduana.
1158 3562 1183 3602 ὲ
