<?xml version="1.0" encoding="UTF-8"?>
<!DOCTYPE html PUBLIC "-//W3C//DTD XHTML 1.0 Transitional//EN"
    "http://www.w3.org/TR/xhtml1/DTD/xhtml1-transitional.dtd">
<html xmlns="http://www.w3.org/1999/xhtml" xml:lang="en" lang="en">
 <head>
  <title>
</title>
<meta http-equiv="Content-Type" content="text/html;charset=utf-8" />
  <meta name='ocr-system' content='tesseract 3.04.00' />
  <meta name='ocr-capabilities' content='ocr_page ocr_carea ocr_par ocr_line ocrx_word'/>
</head>
<body>
  <div class='ocr_page' id='page_1' title='image "./historiarumalex00rufugoog_0038.png"; bbox 0 0 2422 3892; ppageno 0'>
   <div class='ocr_carea' id='block_1_1' title="bbox 397 711 850 813">
    <p class='ocr_par' dir='ltr' id='par_1_1' title="bbox 397 711 850 813">
     <span class='ocr_line' id='line_1_1' title="bbox 397 711 850 813; baseline -0.002 -16"><span class='ocrx_word' id='word_1_1' title='bbox 397 712 445 813; x_wconf 83' lang='lat' dir='ltr'>Q.</span> <span class='ocrx_word' id='word_1_2' title='bbox 475 712 669 798; x_wconf 81' lang='lat' dir='ltr'><strong>OURTI</strong></span> <span class='ocrx_word' id='word_1_3' title='bbox 696 711 850 797; x_wconf 83' lang='lat' dir='ltr'>RUFI</span> 
     </span>
    </p>
   </div>
   <div class='ocr_carea' id='block_1_2' title="bbox 499 865 843 922">
    <p class='ocr_par' dir='ltr' id='par_1_2' title="bbox 499 865 843 922">
     <span class='ocr_line' id='line_1_2' title="bbox 499 865 843 922; baseline -0.009 0"><span class='ocrx_word' id='word_1_4' title='bbox 499 865 753 922; x_wconf 81' lang='lat' dir='ltr'><strong>HISTORIARUM</strong></span> <span class='ocrx_word' id='word_1_5' title='bbox 841 871 843 875; x_wconf 79' lang='grc'>’</span> 
     </span>
    </p>
   </div>
   <div class='ocr_carea' id='block_1_3' title="bbox 210 935 1147 1245">
    <p class='ocr_par' dir='ltr' id='par_1_3' title="bbox 210 935 1147 1245">
     <span class='ocr_line' id='line_1_3' title="bbox 210 935 1147 1108; baseline 0 -4"><span class='ocrx_word' id='word_1_6' title='bbox 210 935 1044 1108; x_wconf 71' lang='lat' dir='ltr'>euexauoaruaeur</span> <span class='ocrx_word' id='word_1_7' title='bbox 1128 1006 1147 1035; x_wconf 70' lang='lat'><em>²</em></span> 
     </span>
     <span class='ocr_line' id='line_1_4' title="bbox 460 1177 883 1245; baseline -0.014 -1"><span class='ocrx_word' id='word_1_8' title='bbox 460 1177 789 1245; x_wconf 73' lang='lat' dir='ltr'><strong>MACEDONIS</strong></span> <span class='ocrx_word' id='word_1_9' title='bbox 881 1232 883 1237; x_wconf 90' lang='lat'><em>.</em></span> 
     </span>
    </p>
   </div>
   <div class='ocr_carea' id='block_1_4' title="bbox 539 1353 714 1426">
    <p class='ocr_par' dir='ltr' id='par_1_4' title="bbox 539 1353 714 1426">
     <span class='ocr_line' id='line_1_5' title="bbox 539 1353 714 1426; baseline 0.006 -19"><span class='ocrx_word' id='word_1_10' title='bbox 539 1353 649 1426; x_wconf 77' lang='lat' dir='ltr'>merea</span> <span class='ocrx_word' id='word_1_11' title='bbox 666 1354 714 1408; x_wconf 82' lang='lat' dir='ltr'>m.</span> 
     </span>
    </p>
   </div>
   <div class='ocr_carea' id='block_1_5' title="bbox 498 1458 694 1587">
    <p class='ocr_par' dir='ltr' id='par_1_5' title="bbox 498 1458 694 1587">
     <span class='ocr_line' id='line_1_6' title="bbox 498 1458 694 1587; baseline 0.005 -7"><span class='ocrx_word' id='word_1_12' title='bbox 498 1575 503 1587; x_wconf 83' lang='lat'>,</span> <span class='ocrx_word' id='word_1_13' title='bbox 561 1513 640 1580; x_wconf 71' lang='lat' dir='ltr'>One.</span> <span class='ocrx_word' id='word_1_14' title='bbox 663 1458 694 1581; x_wconf 85' lang='lat' dir='ltr'>L¹</span> 
     </span>
    </p>
   </div>
   <div class='ocr_carea' id='block_1_6' title="bbox 71 1706 1168 3624">
    <p class='ocr_par' dir='ltr' id='par_1_6' title="bbox 71 1706 1165 1882">
     <span class='ocr_line' id='line_1_7' title="bbox 71 1706 1165 1780; baseline 0.002 -9"><span class='ocrx_word' id='word_1_15' title='bbox 71 1715 99 1780; x_wconf 90' lang='lat'>-1</span> <span class='ocrx_word' id='word_1_16' title='bbox 209 1706 299 1772; x_wconf 85' lang='lat' dir='ltr'>Inter</span> <span class='ocrx_word' id='word_1_17' title='bbox 324 1707 402 1772; x_wconf 91' lang='lat' dir='ltr'>haec</span> <span class='ocrx_word' id='word_1_18' title='bbox 428 1707 618 1774; x_wconf 86' lang='lat' dir='ltr'>Alexander¹</span> <span class='ocrx_word' id='word_1_19' title='bbox 639 1710 680 1773; x_wconf 87' lang='lat' dir='ltr'>ad</span> <span class='ocrx_word' id='word_1_20' title='bbox 706 1710 947 1776; x_wconf 89' lang='lat' dir='ltr'>conducendum</span> <span class='ocrx_word' id='word_1_21' title='bbox 975 1730 1014 1773; x_wconf 91' lang='lat' dir='ltr'>ex</span> <span class='ocrx_word' id='word_1_22' title='bbox 1041 1707 1165 1780; x_wconf 87' lang='lat' dir='ltr'>Pelo-1</span> 
     </span>
     <span class='ocr_line' id='line_1_8' title="bbox 119 1795 1132 1882; baseline 0.001 -23"><span class='ocrx_word' id='word_1_23' title='bbox 119 1817 265 1880; x_wconf 89' lang='lat' dir='ltr'>ponneso</span> <span class='ocrx_word' id='word_1_24' title='bbox 293 1797 428 1861; x_wconf 90' lang='lat' dir='ltr'>militem</span> <span class='ocrx_word' id='word_1_25' title='bbox 451 1795 609 1862; x_wconf 80' lang='lat' dir='ltr'>Cleandro</span> <span class='ocrx_word' id='word_1_26' title='bbox 637 1820 709 1862; x_wconf 88' lang='lat' dir='ltr'>cum</span> <span class='ocrx_word' id='word_1_27' title='bbox 732 1798 868 1882; x_wconf 83' lang='lat' dir='ltr'>pecunia</span> <span class='ocrx_word' id='word_1_28' title='bbox 894 1799 993 1862; x_wconf 89' lang='lat' dir='ltr'>misso</span> <span class='ocrx_word' id='word_1_29' title='bbox 1016 1795 1132 1879; x_wconf 85' lang='lat' dir='ltr'>Lyciae</span> 
     </span>
    </p>

    <p class='ocr_par' dir='ltr' id='par_1_7' title="bbox 84 1874 1168 3027">
     <span class='ocr_line' id='line_1_9' title="bbox 84 1874 1132 1970; baseline 0 -22"><span class='ocrx_word' id='word_1_30' title='bbox 84 1920 88 1926; x_wconf 90' lang='lat'>·</span> <span class='ocrx_word' id='word_1_31' title='bbox 119 1883 392 1970; x_wconf 73' lang='lat' dir='ltr'>Pamphyliaeque</span> <span class='ocrx_word' id='word_1_32' title='bbox 423 1887 519 1950; x_wconf 83' lang='lat' dir='ltr'>rebus</span> <span class='ocrx_word' id='word_1_33' title='bbox 551 1874 727 1969; x_wconf 87' lang='lat' dir='ltr'>conpositis</span> <span class='ocrx_word' id='word_1_34' title='bbox 760 1887 801 1950; x_wconf 92' lang='lat' dir='ltr'>ad</span> <span class='ocrx_word' id='word_1_35' title='bbox 831 1886 944 1951; x_wconf 92' lang='lat' dir='ltr'>urbem</span> <span class='ocrx_word' id='word_1_36' title='bbox 976 1884 1132 1950; x_wconf 79' lang='lat' dir='ltr'>Celaenas</span> 
     </span>
     <span class='ocr_line' id='line_1_10' title="bbox 120 1970 1166 2058; baseline 0.007 -22"><span class='ocrx_word' id='word_1_37' title='bbox 120 1974 293 2037; x_wconf 85' lang='lat' dir='ltr'>exercitum</span> <span class='ocrx_word' id='word_1_38' title='bbox 320 1974 471 2038; x_wconf 84' lang='lat' dir='ltr'>admovit.</span> <span class='ocrx_word' id='word_1_39' title='bbox 511 1973 618 2038; x_wconf 91' lang='lat' dir='ltr'>Media</span> <span class='ocrx_word' id='word_1_40' title='bbox 640 1975 696 2038; x_wconf 91' lang='lat' dir='ltr'>illa</span> <span class='ocrx_word' id='word_1_41' title='bbox 711 1970 910 2058; x_wconf 84' lang='lat' dir='ltr'>tempestate</span> <span class='ocrx_word' id='word_1_42' title='bbox 932 1974 1062 2038; x_wconf 86' lang='lat' dir='ltr'>moenia</span> <span class='ocrx_word' id='word_1_43' title='bbox 1083 1974 1166 2043; x_wconf 78' lang='lat' dir='ltr'>ina</span> 
     </span>
     <span class='ocr_line' id='line_1_11' title="bbox 119 2061 1137 2147; baseline 0.002 -23"><span class='ocrx_word' id='word_1_44' title='bbox 119 2061 290 2125; x_wconf 88' lang='lat' dir='ltr'>terfluebat</span> <span class='ocrx_word' id='word_1_45' title='bbox 310 2061 456 2145; x_wconf 86' lang='lat' dir='ltr'>Marsyas</span> <span class='ocrx_word' id='word_1_46' title='bbox 479 2063 596 2147; x_wconf 89' lang='lat' dir='ltr'>amnis,</span> <span class='ocrx_word' id='word_1_47' title='bbox 622 2061 778 2127; x_wconf 86' lang='lat' dir='ltr'>fabulosis</span> <span class='ocrx_word' id='word_1_48' title='bbox 801 2061 996 2129; x_wconf 81' lang='lat' dir='ltr'>Graecorum</span> <span class='ocrx_word' id='word_1_49' title='bbox 1019 2061 1137 2127; x_wconf 71' lang='lat' dir='ltr'>carmi.</span> 
     </span>
     <span class='ocr_line' id='line_1_12' title="bbox 120 2149 1167 2237; baseline 0.001 -26"><span class='ocrx_word' id='word_1_50' title='bbox 120 2149 216 2212; x_wconf 88' lang='lat' dir='ltr'>nibus</span> <span class='ocrx_word' id='word_1_51' title='bbox 237 2150 376 2214; x_wconf 89' lang='lat' dir='ltr'>inclitus.</span> <span class='ocrx_word' id='word_1_52' title='bbox 411 2149 498 2215; x_wconf 85' lang='lat' dir='ltr'>Fons</span> <span class='ocrx_word' id='word_1_53' title='bbox 522 2151 589 2237; x_wconf 83' lang='lat' dir='ltr'>eius</span> <span class='ocrx_word' id='word_1_54' title='bbox 612 2173 651 2214; x_wconf 89' lang='lat' dir='ltr'>ex</span> <span class='ocrx_word' id='word_1_55' title='bbox 674 2173 799 2215; x_wconf 91' lang='lat' dir='ltr'>summo</span> <span class='ocrx_word' id='word_1_56' title='bbox 822 2151 943 2215; x_wconf 87' lang='lat' dir='ltr'>montis</span> <span class='ocrx_word' id='word_1_57' title='bbox 966 2150 1131 2216; x_wconf 86' lang='lat' dir='ltr'>cacumine</span> <span class='ocrx_word' id='word_1_58' title='bbox 1150 2173 1167 2220; x_wconf 74' lang='lat' dir='ltr'>s</span> 
     </span>
     <span class='ocr_line' id='line_1_13' title="bbox 121 2238 1133 2325; baseline 0 -25"><span class='ocrx_word' id='word_1_59' title='bbox 121 2258 289 2302; x_wconf 81' lang='lat' dir='ltr'>excurrens</span> <span class='ocrx_word' id='word_1_60' title='bbox 312 2238 347 2301; x_wconf 91' lang='lat' dir='ltr'>in</span> <span class='ocrx_word' id='word_1_61' title='bbox 365 2238 542 2302; x_wconf 87' lang='lat' dir='ltr'>subiectam</span> <span class='ocrx_word' id='word_1_62' title='bbox 555 2243 679 2325; x_wconf 89' lang='lat' dir='ltr'>petram</span> <span class='ocrx_word' id='word_1_63' title='bbox 693 2260 811 2324; x_wconf 85' lang='lat' dir='ltr'>magno</span> <span class='ocrx_word' id='word_1_64' title='bbox 826 2239 964 2322; x_wconf 83' lang='lat' dir='ltr'>strepitu</span> <span class='ocrx_word' id='word_1_65' title='bbox 977 2259 1133 2322; x_wconf 90' lang='lat' dir='ltr'>aquarum</span> 
     </span>
     <span class='ocr_line' id='line_1_14' title="bbox 121 2325 1132 2412; baseline -0.002 -23"><span class='ocrx_word' id='word_1_66' title='bbox 121 2325 220 2398; x_wconf 90' lang='lat' dir='ltr'>cadit:</span> <span class='ocrx_word' id='word_1_67' title='bbox 242 2326 318 2390; x_wconf 90' lang='lat' dir='ltr'>inde</span> <span class='ocrx_word' id='word_1_68' title='bbox 341 2327 474 2390; x_wconf 86' lang='lat' dir='ltr'>diffusus</span> <span class='ocrx_word' id='word_1_69' title='bbox 493 2328 712 2391; x_wconf 88' lang='lat' dir='ltr'>circumiectos</span> <span class='ocrx_word' id='word_1_70' title='bbox 730 2328 817 2412; x_wconf 84' lang='lat' dir='ltr'>rigat</span> <span class='ocrx_word' id='word_1_71' title='bbox 829 2347 970 2408; x_wconf 87' lang='lat' dir='ltr'>campos,</span> <span class='ocrx_word' id='word_1_72' title='bbox 991 2325 1132 2408; x_wconf 90' lang='lat' dir='ltr'>liquidus</span> 
     </span>
     <span class='ocr_line' id='line_1_15' title="bbox 121 2412 1168 2497; baseline -0.003 -20"><span class='ocrx_word' id='word_1_73' title='bbox 121 2417 155 2477; x_wconf 88' lang='lat' dir='ltr'>et</span> <span class='ocrx_word' id='word_1_74' title='bbox 185 2435 260 2478; x_wconf 86' lang='lat' dir='ltr'>suas</span> <span class='ocrx_word' id='word_1_75' title='bbox 292 2414 459 2478; x_wconf 73' lang='lat' dir='ltr'>dumtaxat</span> <span class='ocrx_word' id='word_1_76' title='bbox 487 2415 591 2478; x_wconf 87' lang='lat' dir='ltr'>undas</span> <span class='ocrx_word' id='word_1_77' title='bbox 620 2416 761 2479; x_wconf 88' lang='lat' dir='ltr'>trahens.</span> <span class='ocrx_word' id='word_1_78' title='bbox 805 2414 920 2497; x_wconf 88' lang='lat' dir='ltr'>Itaque</span> <span class='ocrx_word' id='word_1_79' title='bbox 948 2412 1037 2475; x_wconf 90' lang='lat' dir='ltr'>color</span> <span class='ocrx_word' id='word_1_80' title='bbox 1065 2412 1168 2482; x_wconf 84' lang='lat' dir='ltr'>eiue4</span> 
     </span>
     <span class='ocr_line' id='line_1_16' title="bbox 120 2499 1132 2585; baseline -0.001 -21"><span class='ocrx_word' id='word_1_81' title='bbox 120 2501 246 2585; x_wconf 89' lang='lat' dir='ltr'>placido</span> <span class='ocrx_word' id='word_1_82' title='bbox 274 2503 356 2566; x_wconf 87' lang='lat' dir='ltr'>mari</span> <span class='ocrx_word' id='word_1_83' title='bbox 384 2503 497 2566; x_wconf 87' lang='lat' dir='ltr'>similis</span> <span class='ocrx_word' id='word_1_84' title='bbox 524 2503 631 2566; x_wconf 88' lang='lat' dir='ltr'>locum</span> <span class='ocrx_word' id='word_1_85' title='bbox 658 2505 826 2584; x_wconf 91' lang='lat' dir='ltr'>poetarum</span> <span class='ocrx_word' id='word_1_86' title='bbox 853 2499 1019 2564; x_wconf 89' lang='lat' dir='ltr'>mendacio</span> <span class='ocrx_word' id='word_1_87' title='bbox 1042 2499 1132 2563; x_wconf 82' lang='lat' dir='ltr'>fecit:</span> 
     </span>
     <span class='ocr_line' id='line_1_17' title="bbox 122 2589 1167 2761; baseline 0.008 -22"><span class='ocrx_word' id='word_1_88' title='bbox 122 2611 166 2739; x_wconf 70' lang='lat' dir='ltr'>{t</span> <span class='ocrx_word' id='word_1_89' title='bbox 166 2609 242 2738; x_wconf 67' lang='lat' dir='ltr'>*tr</span> <span class='ocrx_word' id='word_1_90' title='bbox 258 2590 357 2758; x_wconf 62' lang='lat' dir='ltr'>1th</span> <span class='ocrx_word' id='word_1_91' title='bbox 356 2589 912 2761; x_wconf 41' lang='lat' dir='ltr'>{restauraretur</span> <span class='ocrx_word' id='word_1_92' title='bbox 914 2590 1167 2747; x_wconf 52' lang='lat' dir='ltr'>deletitia</span> 
     </span>
     <span class='ocr_line' id='line_1_18' title="bbox 121 2763 1133 2846; baseline 0 -18"><span class='ocrx_word' id='word_1_93' title='bbox 121 2763 202 2846; x_wconf 91' lang='lat' dir='ltr'>fluit,</span> <span class='ocrx_word' id='word_1_94' title='bbox 224 2784 344 2828; x_wconf 89' lang='lat' dir='ltr'>nomen</span> <span class='ocrx_word' id='word_1_95' title='bbox 367 2786 459 2828; x_wconf 86' lang='lat' dir='ltr'>suum</span> <span class='ocrx_word' id='word_1_96' title='bbox 481 2765 611 2828; x_wconf 87' lang='lat' dir='ltr'>retinet:</span> <span class='ocrx_word' id='word_1_97' title='bbox 633 2768 668 2828; x_wconf 89' lang='lat' dir='ltr'>at</span> <span class='ocrx_word' id='word_1_98' title='bbox 686 2786 758 2829; x_wconf 91' lang='lat' dir='ltr'>cum</span> <span class='ocrx_word' id='word_1_99' title='bbox 778 2769 867 2830; x_wconf 86' lang='lat' dir='ltr'>extra</span> <span class='ocrx_word' id='word_1_100' title='bbox 884 2765 1085 2830; x_wconf 90' lang='lat' dir='ltr'>munimenta</span> <span class='ocrx_word' id='word_1_101' title='bbox 1099 2786 1133 2828; x_wconf 89' lang='lat' dir='ltr'>se</span> 
     </span>
     <span class='ocr_line' id='line_1_19' title="bbox 123 2851 1133 2939; baseline 0.001 -23"><span class='ocrx_word' id='word_1_102' title='bbox 123 2852 250 2935; x_wconf 86' lang='lat' dir='ltr'>evolvit,</span> <span class='ocrx_word' id='word_1_103' title='bbox 274 2851 396 2916; x_wconf 85' lang='lat' dir='ltr'>maiore</span> <span class='ocrx_word' id='word_1_104' title='bbox 419 2853 450 2916; x_wconf 84' lang='lat' dir='ltr'>vi</span> <span class='ocrx_word' id='word_1_105' title='bbox 472 2875 510 2918; x_wconf 92' lang='lat' dir='ltr'>ac</span> <span class='ocrx_word' id='word_1_106' title='bbox 531 2853 615 2916; x_wconf 92' lang='lat' dir='ltr'>mole</span> <span class='ocrx_word' id='word_1_107' title='bbox 638 2857 787 2939; x_wconf 84' lang='lat' dir='ltr'>agentem</span> <span class='ocrx_word' id='word_1_108' title='bbox 809 2855 912 2919; x_wconf 89' lang='lat' dir='ltr'>undas</span> <span class='ocrx_word' id='word_1_109' title='bbox 934 2853 1056 2939; x_wconf 86' lang='lat' dir='ltr'>Lycum</span> <span class='ocrx_word' id='word_1_110' title='bbox 1078 2875 1133 2935; x_wconf 89' lang='lat' dir='ltr'>ap·</span> 
     </span>
     <span class='ocr_line' id='line_1_20' title="bbox 122 2939 1168 3027; baseline 0.006 -23"><span class='ocrx_word' id='word_1_111' title='bbox 122 2941 254 3024; x_wconf 84' lang='lat' dir='ltr'>pellant.</span> <span class='ocrx_word' id='word_1_112' title='bbox 297 2939 481 3006; x_wconf 85' lang='lat' dir='ltr'>Alexander</span> <span class='ocrx_word' id='word_1_113' title='bbox 507 2941 635 3027; x_wconf 78' lang='lat' dir='ltr'>quidem</span> <span class='ocrx_word' id='word_1_114' title='bbox 657 2943 770 3008; x_wconf 93' lang='lat' dir='ltr'>urbem</span> <span class='ocrx_word' id='word_1_115' title='bbox 793 2943 980 3008; x_wconf 87' lang='lat' dir='ltr'>destitutam</span> <span class='ocrx_word' id='word_1_116' title='bbox 1002 2943 1043 3006; x_wconf 90' lang='lat' dir='ltr'>ab</span> <span class='ocrx_word' id='word_1_117' title='bbox 1067 2942 1133 3006; x_wconf 87' lang='lat' dir='ltr'>suis</span> <span class='ocrx_word' id='word_1_118' title='bbox 1153 2963 1168 3010; x_wconf 82' lang='lat' dir='ltr'>o</span> 
     </span>
    </p>

    <p class='ocr_par' dir='ltr' id='par_1_8' title="bbox 90 3028 1167 3554">
     <span class='ocr_line' id='line_1_21' title="bbox 90 3028 1133 3117; baseline 0.003 -27"><span class='ocrx_word' id='word_1_119' title='bbox 90 3085 95 3090; x_wconf 89' lang='lat'>.</span> <span class='ocrx_word' id='word_1_120' title='bbox 122 3028 237 3112; x_wconf 86' lang='lat' dir='ltr'>intrat,</span> <span class='ocrx_word' id='word_1_121' title='bbox 267 3051 372 3102; x_wconf 87' lang='lat' dir='ltr'>arcem</span> <span class='ocrx_word' id='word_1_122' title='bbox 399 3052 489 3116; x_wconf 80' lang='lat' dir='ltr'>vero,</span> <span class='ocrx_word' id='word_1_123' title='bbox 515 3031 551 3094; x_wconf 90' lang='lat' dir='ltr'>in</span> <span class='ocrx_word' id='word_1_124' title='bbox 573 3053 669 3116; x_wconf 90' lang='lat' dir='ltr'>quam</span> <span class='ocrx_word' id='word_1_125' title='bbox 692 3032 918 3117; x_wconf 78' lang='lat' dir='ltr'>confugerant,</span> <span class='ocrx_word' id='word_1_126' title='bbox 946 3050 1133 3114; x_wconf 80' lang='lat' dir='ltr'>oppugnare</span> 
     </span>
     <span class='ocr_line' id='line_1_22' title="bbox 123 3117 1134 3204; baseline 0 -23"><span class='ocrx_word' id='word_1_127' title='bbox 123 3117 255 3182; x_wconf 90' lang='lat' dir='ltr'>adortus</span> <span class='ocrx_word' id='word_1_128' title='bbox 287 3118 529 3184; x_wconf 88' lang='lat' dir='ltr'>caduceatorem</span> <span class='ocrx_word' id='word_1_129' title='bbox 560 3121 739 3202; x_wconf 84' lang='lat' dir='ltr'>praemisit,</span> <span class='ocrx_word' id='word_1_130' title='bbox 769 3122 824 3204; x_wconf 92' lang='lat' dir='ltr'>qui</span> <span class='ocrx_word' id='word_1_131' title='bbox 840 3120 1068 3200; x_wconf 84' lang='lat' dir='ltr'>denuntiaret,</span> <span class='ocrx_word' id='word_1_132' title='bbox 1098 3118 1134 3181; x_wconf 92' lang='lat' dir='ltr'>ni</span> 
     </span>
     <span class='ocr_line' id='line_1_23' title="bbox 124 3203 1167 3291; baseline 0.005 -22"><span class='ocrx_word' id='word_1_133' title='bbox 124 3205 284 3288; x_wconf 86' lang='lat' dir='ltr'>dederent,</span> <span class='ocrx_word' id='word_1_134' title='bbox 305 3204 394 3288; x_wconf 87' lang='lat' dir='ltr'>ipsos</span> <span class='ocrx_word' id='word_1_135' title='bbox 417 3209 532 3272; x_wconf 90' lang='lat' dir='ltr'>ultima</span> <span class='ocrx_word' id='word_1_136' title='bbox 547 3229 617 3272; x_wconf 89' lang='lat' dir='ltr'>esse</span> <span class='ocrx_word' id='word_1_137' title='bbox 631 3229 791 3291; x_wconf 77' lang='lat' dir='ltr'>passuros</span> <span class='ocrx_word' id='word_1_138' title='bbox 827 3207 880 3271; x_wconf 87' lang='lat' dir='ltr'>Illi</span> <span class='ocrx_word' id='word_1_139' title='bbox 893 3203 1133 3272; x_wconf 73' lang='lat' dir='ltr'>caduceatorem</span> <span class='ocrx_word' id='word_1_140' title='bbox 1153 3226 1167 3274; x_wconf 79' lang='grc'><strong>7</strong></span> 
     </span>
     <span class='ocr_line' id='line_1_24' title="bbox 123 3293 1134 3378; baseline 0.002 -22"><span class='ocrx_word' id='word_1_141' title='bbox 123 3293 158 3356; x_wconf 91' lang='lat' dir='ltr'>in</span> <span class='ocrx_word' id='word_1_142' title='bbox 178 3297 300 3357; x_wconf 88' lang='lat' dir='ltr'>turrem</span> <span class='ocrx_word' id='word_1_143' title='bbox 323 3298 356 3358; x_wconf 87' lang='lat' dir='ltr'>et</span> <span class='ocrx_word' id='word_1_144' title='bbox 378 3296 441 3359; x_wconf 88' lang='lat' dir='ltr'>situ</span> <span class='ocrx_word' id='word_1_145' title='bbox 464 3299 497 3359; x_wconf 92' lang='lat' dir='ltr'>et</span> <span class='ocrx_word' id='word_1_146' title='bbox 519 3317 613 3378; x_wconf 89' lang='lat' dir='ltr'>opere</span> <span class='ocrx_word' id='word_1_147' title='bbox 635 3297 773 3359; x_wconf 90' lang='lat' dir='ltr'>multum</span> <span class='ocrx_word' id='word_1_148' title='bbox 796 3295 914 3359; x_wconf 89' lang='lat' dir='ltr'>editam</span> <span class='ocrx_word' id='word_1_149' title='bbox 936 3295 1134 3378; x_wconf 89' lang='lat' dir='ltr'>perductum,</span> 
     </span>
     <span class='ocr_line' id='line_1_25' title="bbox 124 3383 1131 3467; baseline 0.005 -22"><span class='ocrx_word' id='word_1_150' title='bbox 124 3385 244 3465; x_wconf 83' lang='lat' dir='ltr'>quanta</span> <span class='ocrx_word' id='word_1_151' title='bbox 267 3386 352 3446; x_wconf 87' lang='lat' dir='ltr'>esset</span> <span class='ocrx_word' id='word_1_152' title='bbox 374 3383 520 3467; x_wconf 86' lang='lat' dir='ltr'>altitudo,</span> <span class='ocrx_word' id='word_1_153' title='bbox 541 3384 660 3447; x_wconf 90' lang='lat' dir='ltr'>intueri</span> <span class='ocrx_word' id='word_1_154' title='bbox 681 3384 795 3448; x_wconf 89' lang='lat' dir='ltr'>iubent</span> <span class='ocrx_word' id='word_1_155' title='bbox 817 3404 855 3446; x_wconf 88' lang='lat' dir='ltr'>ac</span> <span class='ocrx_word' id='word_1_156' title='bbox 872 3384 1021 3446; x_wconf 89' lang='lat' dir='ltr'>nuntiare</span> <span class='ocrx_word' id='word_1_157' title='bbox 1055 3383 1131 3450; x_wconf 86' lang='lat' dir='ltr'>Ale·</span> 
     </span>
     <span class='ocr_line' id='line_1_26' title="bbox 124 3467 1131 3554; baseline 0 -23"><span class='ocrx_word' id='word_1_158' title='bbox 124 3467 255 3551; x_wconf 83' lang='lat' dir='ltr'>xandro,</span> <span class='ocrx_word' id='word_1_159' title='bbox 264 3489 331 3534; x_wconf 91' lang='lat' dir='ltr'>non</span> <span class='ocrx_word' id='word_1_160' title='bbox 343 3470 454 3534; x_wconf 90' lang='lat' dir='ltr'>eadem</span> <span class='ocrx_word' id='word_1_161' title='bbox 471 3472 579 3554; x_wconf 91' lang='lat' dir='ltr'>ipsum</span> <span class='ocrx_word' id='word_1_162' title='bbox 598 3474 631 3534; x_wconf 91' lang='lat' dir='ltr'>et</span> <span class='ocrx_word' id='word_1_163' title='bbox 647 3471 770 3536; x_wconf 86' lang='lat' dir='ltr'>incolas</span> <span class='ocrx_word' id='word_1_164' title='bbox 790 3470 1012 3535; x_wconf 84' lang='lat' dir='ltr'>aestimatione</span> <span class='ocrx_word' id='word_1_165' title='bbox 1029 3469 1131 3532; x_wconf 87' lang='lat' dir='ltr'>muni-</span> 
     </span>
    </p>

    <p class='ocr_par' dir='ltr' id='par_1_9' title="bbox 177 3579 987 3624">
     <span class='ocr_line' id='line_1_27' title="bbox 177 3579 987 3624; baseline 0.002 -2"><span class='ocrx_word' id='word_1_166' title='bbox 177 3581 270 3623; x_wconf 65' lang='lat' dir='ltr'>emus·</span> <span class='ocrx_word' id='word_1_167' title='bbox 283 3583 363 3624; x_wconf 73' lang='lat' dir='ltr'>aua..</span> <span class='ocrx_word' id='word_1_168' title='bbox 722 3603 725 3610; x_wconf 93' lang='lat'>-</span> <span class='ocrx_word' id='word_1_169' title='bbox 965 3579 987 3624; x_wconf 73' lang='lat' dir='ltr'>r</span> 
     </span>
    </p>
   </div>
   <div class='ocr_carea' id='block_1_7' title="bbox 0 0 1225 3892">
    <p class='ocr_par' dir='ltr' id='par_1_10' title="bbox 0 0 1225 3892">
     <span class='ocr_line' id='line_1_28' title="bbox 0 0 1225 3892; baseline 0 0"><span class='ocrx_word' id='word_1_170' title='bbox 0 0 1225 3892; x_wconf 95' lang='lat' dir='ltr'> </span> 
     </span>
    </p>
   </div>
  </div>
 </body>
</html>
