2422 3892
313 127 566 184 HISTORIARUM
583 128 797 183 ALEXANDRI
814 127 866 197 IV,
885 135 910 184 3.
928 137 954 184 4.
1098 130 1139 190 41.

133 273 255 337 moveri
285 272 376 338 iubet
405 273 607 357 delectosque
638 274 777 338 militum
807 273 929 357 inponi.
982 272 1028 338 Et
1057 273 1177 342 fortes

133 361 229 425 belua
268 361 452 425 invisitatae
490 362 722 446 magnitudinis
761 383 857 444 super
896 362 984 445 ipsos
1027 361 1142 426 fluctus

134 449 229 513 dorso
257 451 401 514 eminens
429 449 470 514 ad
496 452 627 534 molem,
659 471 756 534 quam
778 448 970 514 Macedones
992 450 1143 533 iecerant,

134 537 250 621 ingens
275 558 391 622 eorpus
414 538 569 622 adplicuit
591 538 860 621 diverberatisque
883 538 1033 602 fluctibus
1056 538 1142 601 adle-

134 646 215 689 vans
243 629 344 690 semet
369 627 529 710 utrimque
557 629 728 709 conspecta
757 629 819 690 est:
850 626 964 691 deinde
992 649 1011 690 a
1038 626 1176 708 capital

133 713 228 777 molis
259 736 370 778 rursus
401 715 466 779 alto
494 737 528 778 se
555 715 701 778 inmersit
728 737 765 779 aa
792 715 887 778 modo
916 736 1013 797 super
1038 715 1142 778 undas

135 802 278 866 eminens
310 824 429 888 magna
461 804 511 867 sui
537 807 642 886 parte,
673 802 769 866 modo
793 802 970 885 superfusis
993 803 1142 867 fluctibus

133 890 263 953 condita
302 891 389 955 haud
429 892 543 974 procul
582 891 790 955 munimentis
826 890 914 955 urbis
952 913 986 955 se
1022 891 1142 954 mersit.

133 975 287 1062 Utrisque
314 979 418 1043 laetus
445 979 508 1043 fuit
531 979 645 1043 beluae
667 982 830 1061 aspectus:
866 977 1058 1043 Macedones
1080 980 1176 1045 itert

136 1064 282 1130 iaciendo
315 1067 404 1150 operi
434 1070 629 1131 monstrasse
661 1088 733 1130 eam
765 1067 1020 1150 augurabantur,
1055 1066 1144 1149 Tyrii

132 1151 321 1235 Neptunum
346 1155 493 1237 occupati
514 1156 612 1218 maris
634 1154 793 1218 vindicem
816 1154 994 1236 abripuisse
1016 1155 1144 1218 beluam

135 1261 172 1304 ac
195 1243 313 1305 molem
336 1241 426 1306 brevi
447 1242 591 1326 profecto
609 1243 775 1306 ruituram.
808 1240 962 1325 Laetique
980 1243 1086 1305 omine
1106 1263 1144 1306 eo

134 1327 175 1391 ad
203 1330 314 1412 epulas
337 1330 454 1413 dilapsi
477 1351 649 1393 oneravere
672 1351 705 1393 sc
728 1329 817 1407 vino,
848 1351 911 1413 quo
935 1349 1048 1413 graves
1073 1334 1144 1394 orto

134 1417 200 1480 vole
223 1418 353 1502 navigia
376 1417 596 1482 conscendunt
617 1417 767 1481 redimita
788 1417 920 1481 floribus
939 1418 1143 1502 coronisque:

134 1505 213 1569 adeo
236 1506 389 1571 victoriae
410 1529 478 1571 non
501 1527 596 1570 omen
617 1506 727 1589 modo,
756 1506 811 1569 sed
834 1506 931 1569 etiam
955 1506 1143 1590 gratulatio-

83 1596 123 1660 18
134 1614 208 1656 nem
239 1599 478 1677 praeceperant.
529 1593 626 1657 Forte
657 1615 713 1657 rex
745 1595 879 1658 classem
914 1594 951 1657 in
985 1595 1180 1661 diversame

133 1684 259 1762 partem
281 1682 336 1764 agi
356 1683 494 1745 iusserat
515 1700 586 1744 xxx
608 1681 787 1746 minoribus
810 1682 949 1766 navigiis
971 1683 1091 1746 relictis
1110 1683 1144 1744 in

134 1767 245 1831 litore:
284 1790 301 1832 e
333 1769 449 1851 quibus
476 1769 566 1853 Tyrii
597 1769 721 1834 duobus
755 1771 858 1852 captis
886 1774 993 1833 cetera
1018 1770 1144 1853 ingenti

135 1858 319 1918 terruerunt
345 1859 446 1938 metu,
478 1858 578 1920 donec
601 1879 731 1922 suorum
754 1859 893 1922 elamore
916 1858 1026 1921 audito
1050 1857 1144 1920 Alex-

135 1942 235 2006 ander
261 1944 396 2007 classem
421 1945 531 2025 litori,
552 1967 570 2008 a
597 1966 660 2028 quo
689 1945 836 2009 fremitus
863 1945 1058 2028 acciderant,
1090 1945 1144 2009 ad-

134 2032 243 2095 movit.
292 2031 401 2095 Prima
436 2055 453 2096 e
484 2032 698 2097 Macedonum
733 2034 870 2097 navibus
907 2033 1178 2117 quinqueremisr

133 2120 303 2184 velocitate
336 2121 422 2184 inter
457 2125 578 2185 ceteras
615 2122 759 2186 eminens
791 2123 941 2205 occurrit,
980 2144 1077 2205 quam
1108 2126 1146 2185 ut

135 2229 325 2290 conspexere
348 2209 478 2292 Tyriae,
506 2209 586 2273 duae
614 2231 653 2273 ex
676 2209 801 2274 diverso
824 2211 860 2273 in
881 2212 983 2274 latere
1005 2211 1073 2274 eius
1095 2209 1144 2272 in·
1180 2237 1182 2239 ·

136 2299 245 2358 vectae
263 2300 347 2382 sunt,
369 2298 403 2359 in
422 2318 558 2381 quarum
581 2298 715 2361 alteram
734 2299 969 2382 quinqueremis
984 2298 1145 2362 concitata

136 2383 245 2447 eadem
273 2386 398 2468 etipsa
419 2389 524 2450 rostro
547 2386 612 2449 icta
635 2390 684 2449 est
706 2389 738 2449 et
759 2387 849 2449 illam
871 2387 1008 2449 invicem
1031 2386 1144 2449 tenuit.

134 2469 266 2555 Iamque
289 2495 335 2556 ea,
358 2495 439 2556 quae
462 2495 528 2538 non
551 2473 752 2556 cohaerebat,
774 2474 875 2538 libero
894 2474 1017 2554 impetu
1035 2475 1145 2536 evecta
1164 2491 1181 2538 8

134 2559 170 2623 in
196 2561 283 2624 aliud
307 2561 544 2644 quinqueremis
566 2563 652 2624 latus
674 2561 900 2624 invehebatur:
933 2581 1007 2622 oum
1030 2580 1146 2640 oppor-

134 2648 274 2711 tunitate
297 2649 379 2711 mira
400 2649 541 2712 triremis
560 2670 577 2711 e
596 2648 696 2711 classe
710 2646 885 2710 Alexandri
899 2647 933 2708 in
947 2667 1018 2709 eam
1032 2646 1146 2730 ipsam,

136 2756 218 2817 quae
246 2735 465 2817 quinqueremi
487 2735 679 2817 inminebat,
706 2736 852 2798 tentavi
875 2735 1001 2816 inpulsa
1022 2739 1077 2812 est,
1109 2738 1146 2798 ut

135 2820 254 2904 Tyrius
272 2821 470 2905 gubernator
486 2822 522 2885 in
540 2844 627 2885 mare
646 2825 847 2886 excuteretur
863 2844 880 2886 e
894 2823 1003 2906 puppi.
1032 2822 1144 2887 Plures
1164 2841 1182 2889 e

136 2909 250 2974 deinde
278 2908 491 2972 Macedonum
521 2931 620 2972 naves
651 2911 892 2994 superveniunt,
923 2915 956 2975 et
985 2932 1041 2974 rex
1068 2932 1145 2994 quo·

135 3019 196 3081 que
219 2998 345 3061 aderat:
369 3019 441 3061 cum
456 2996 544 3080 Tyrii
566 2997 749 3062 inhibentes
772 3000 868 3063 remis
892 3020 987 3084 aegre
1011 3000 1146 3062 evellere

89 3091 92 3096 ’
135 3107 261 3168 navem,
283 3106 365 3169 quae
383 3085 546 3169 haerebat,
564 3089 756 3171 portumque
775 3090 884 3152 omnia
901 3087 997 3151 simul
1016 3087 1146 3168 navigia

134 3178 292 3258 repetunt.
330 3172 508 3239 Confestim
530 3196 587 3238 rex
608 3175 773 3240 insecutus
796 3179 926 3258 portum
950 3173 1079 3257 quidem
1097 3174 1145 3236 in-

134 3266 220 3326 trare
242 3285 310 3326 non
332 3263 447 3348 potuit,
471 3286 544 3327 cum
566 3265 678 3347 procul
701 3263 837 3327 emuris
860 3263 1036 3325 missilibus
1060 3283 1145 3325 sum-

134 3355 329 3435 moveretur,
357 3373 456 3415 naves
479 3356 588 3415 autem
611 3373 722 3415 omnes
745 3351 811 3414 fere
834 3354 892 3413 aut
914 3350 1066 3414 demersit
1089 3353 1146 3413 aut

135 3460 170 3503 ee
193 3439 227 3502 it.

80 3528 123 3596 19
170 3462 191 3523 p
221 3525 327 3592 Biduo
350 3527 464 3592 deinde
486 3527 527 3590 ad
551 3527 691 3610 quietem
714 3526 790 3588 dato
813 3525 969 3590 militibus
985 3525 1145 3608 iussisque
1166 3544 1200 3593 ιο
