2422 3892
114 149 178 213 122
485 147 517 212 Q.
538 145 649 202 CURTI
666 146 752 201 RUFI

539 343 620 408 Car.
641 341 698 407 IV.

78 483 92 530 r
202 468 335 534 Summa
357 466 498 531 militum
522 466 691 531 alacritate
710 465 899 548 iubentium,
922 484 1129 549 quocumque
1141 467 1180 532 10

77 559 212 623 avellet
234 558 377 638 duceret,
404 555 508 619 oratio
537 558 672 637 excepta
699 557 757 618 est.
802 551 871 618 Nec
899 575 956 617 rex
978 559 1128 620 moratus

113 647 282 729 impetum:
312 644 472 727 tertioque
498 664 556 726 per
578 640 774 706 Parthienen
797 641 848 705 die
871 639 912 704 ad
935 642 1016 706 fines
1040 640 1130 726 Hyr·

114 735 224 798 caniae
245 736 396 816 penetrat
415 730 548 796 Cratero
571 731 684 795 relicto
707 751 781 794 cum
804 729 844 793 iis
868 729 982 812 copiis,
1006 730 1128 813 quibus

113 825 270 904 praeerat,
294 823 326 884 et
349 842 387 884 ea
409 841 515 900 manu,
539 841 635 902 quam
653 817 814 902 Amyntas
837 816 982 900 ducebat,
1005 817 1128 882 additis

113 925 160 973 nc
188 909 349 993 equitibus
373 911 407 972 et
428 906 565 972 totidem
588 907 780 991 sagittariis,
806 909 844 970 ut
872 906 913 969 ab
940 906 1127 971 incursione

77 996 325 1062 abarbarorum
356 996 553 1061 Parthienen
589 997 741 1060 tueretur.
799 994 970 1078 Erigyium
1002 993 1128 1077 inpedi-

114 1089 224 1150 menta
246 1084 373 1149 modico
396 1083 556 1168 praesidio
580 1084 656 1148 dato
680 1081 852 1165 campestri
874 1083 991 1147 itinere
1010 1080 1127 1146 ducere

114 1173 213 1238 iubet.
248 1171 323 1256 Ipse
346 1195 417 1238 cum
436 1172 597 1255 phalange
615 1175 649 1236 et
666 1172 813 1256 equitatu
832 1187 875 1236 01.
894 1169 1000 1235 stadia
1019 1190 1127 1235 emen·

115 1284 169 1326 sus
189 1265 296 1327 castra
317 1263 351 1326 in
374 1262 468 1345 valle,
491 1282 554 1345 qua
572 1259 769 1344 Hyrcaniam
789 1258 916 1341 adeunt,
938 1259 1127 1324 communit.

114 1347 236 1415 Neurus
268 1350 422 1433 praealtis
454 1349 624 1433 densisque
656 1348 825 1412 arboribus
856 1347 1046 1412 umbrosum
1074 1350 1127 1411 est

77 1437 356 1588 altaldi:
378 1435 938 1606 thattllltltbalat.
957 1435 1126 1586 hall
1157 1434 1160 1439 ’

114 1611 256 1677 Ziobetis
276 1612 380 1676 amnis
399 1611 581 1696 effunditur,
604 1611 659 1694 qui
675 1612 740 1675 tria
756 1610 825 1675 fere
844 1611 949 1675 stadia
965 1611 1000 1675 in
1018 1611 1125 1694 longi·

114 1701 259 1765 tudinem
286 1701 453 1765 universus
480 1700 565 1785 fluit,
592 1699 704 1764 deinde
732 1721 825 1783 saxo,
853 1699 937 1782 quod
963 1698 1127 1763 alveolum

115 1789 314 1874 interpellat,
345 1810 551 1872 repercussus
579 1788 641 1854 duo
669 1788 787 1852 itinera
813 1787 901 1852 velut
927 1786 1124 1870 dispensatis

78 1878 207 1961 saquis
232 1879 344 1962 aperit.
388 1876 466 1941 Inde
493 1882 620 1942 torrens
643 1879 676 1940 et
699 1896 862 1958 saxorum,
890 1896 949 1960 per
972 1895 1054 1958 quae
1076 1875 1126 1938 in·

116 1965 224 2048 currit,
243 1962 416 2049 asperitate
433 1960 607 2029 violentior
624 1968 745 2027 terram
763 1984 917 2047 praeceps
932 1963 1030 2027 subit.
1063 1960 1127 2026 Per

116 2068 179 2117 ccc
207 2052 314 2117 stadia
341 2052 490 2117 conditus
518 2053 639 2117 labitur
669 2071 844 2135 rursusque
871 2052 961 2116 velut
993 2072 1031 2115 ex
1058 2048 1125 2115 alio

80 2156 97 2204 c
117 2139 206 2204 fonte
220 2145 394 2223 conceptus
409 2139 515 2204 editur
528 2143 562 2204 et
573 2161 692 2204 novum
711 2141 837 2203 alveum
851 2138 999 2222 intendit,
1016 2138 1126 2223 priore

118 2228 168 2292 sui
190 2230 283 2310 parte
307 2228 490 2312 spatiosior,
513 2228 632 2313 quippe
655 2228 689 2291 in
707 2227 912 2292 latitudinem
930 2245 955 2291 x
974 2229 1007 2291 et
1023 2226 1126 2290 trium

116 2316 295 2381 stadiorum
327 2316 526 2399 diffunditur,
557 2337 732 2399 rursusque
765 2315 1007 2398 angustioribus
1037 2334 1126 2381 coer-

117 2405 200 2469 citus
231 2404 311 2488 ripis
343 2405 406 2470 iter
439 2404 535 2489 cogit.
588 2403 732 2469 Tandem
759 2404 794 2467 in
826 2405 965 2468 alterum
996 2423 1125 2467 amnem

80 2492 215 2559 ucadit:
237 2493 387 2579 Ridagnc
410 2513 527 2558 nomen
551 2495 610 2557 est.
653 2492 783 2557 Incolae
806 2491 1034 2575 adfirmabant,
1056 2491 1127 2575 qui·

118 2604 253 2667 cumque
272 2582 404 2647 demissi
428 2584 535 2646 essent
557 2580 591 2644 in
614 2601 792 2659 cavernam,
816 2600 898 2664 quae
920 2579 1053 2663 propior
1076 2581 1127 2643 eat

116 2670 213 2754 fonti,
240 2693 365 2755 rursus,
397 2669 454 2735 ubi
481 2670 570 2735 aliud
596 2690 633 2733 os
661 2668 765 2733 amnis
788 2667 945 2752 aperitin,
977 2665 1125 2732 existere.

116 2757 231 2842 ltaque
258 2758 441 2824 Alexander
468 2757 564 2841 duos,
596 2778 660 2842 qua
691 2756 830 2821 subeunt
861 2776 963 2839 aquae
993 2758 1126 2838 terram,

119 2845 328 2929 praecipitari
346 2847 445 2929 iubet,
464 2867 599 2929 quorum
614 2866 758 2929 corpora,
775 2844 831 2909 ubi
849 2864 960 2909 rursus
978 2841 1126 2927 erumpit,

119 2933 251 3017 expulsa
274 2934 394 3016 videre,
419 2935 474 3017 qui
496 2935 589 2997 missi
612 2936 717 3016 erant,
740 2935 778 2998 ut
799 2932 993 3016 exciperent.

81 3039 99 3087 s
207 3020 364 3097 Quartum
395 3021 462 3085 iam
493 3021 579 3085 diem
612 3021 722 3086 eodem
751 3022 823 3086 loco
857 3021 997 3105 quietam
1027 3018 1125 3083 militi
1138 3019 1175 3085 11

118 3109 261 3193 dederat,
292 3131 365 3174 cum
396 3109 523 3174 litteras
553 3107 767 3193 Nabarzanis,
799 3109 854 3193 qui
879 3107 1024 3173 Dareum
1051 3127 1126 3171 cum

117 3197 218 3263 Besso
249 3199 478 3283 interceperat,
515 3198 646 3282 accipit,
683 3218 818 3282 quarum
851 3196 1016 3262 sententia
1045 3195 1127 3259 baec

119 3290 201 3351 erat:
225 3309 259 3352 se
276 3285 382 3352 Dareo
401 3308 467 3352 non
484 3286 586 3352 fuisse
604 3286 780 3369 inimicum,
798 3285 898 3350 immo
918 3284 1026 3366 etiam,
1044 3302 1126 3368 quae

118 3374 308 3440 credidisset
339 3375 435 3440 utilia
461 3397 545 3458 esse,
577 3375 716 3439 suasisse
745 3378 790 3457 et,
822 3375 897 3457 quia
928 3373 1024 3437 fidele
1052 3390 1127 3436 con·

81 3481 98 3528 9
118 3462 227 3527 silium
250 3465 320 3548 regi
344 3464 496 3549 dedisset,
522 3484 623 3546 prope
652 3462 791 3527 occisum
815 3463 856 3526 ab
880 3483 928 3527 eo.
972 3459 1128 3544 Agitasse

116 3549 272 3638 Dareum,
310 3552 488 3617 custodiam
525 3550 667 3633 corporis
700 3550 750 3614 sui
787 3552 901 3614 contra
931 3549 982 3612 ius
1013 3546 1128 3630 fasque
