2422 3892
272 164 527 222 HISTORIARUM
543 164 759 222 ALEXANDRI
776 165 836 236 VII,
857 172 881 221 1.
1018 169 1081 234 151

75 311 338 414 conloquentium
355 331 451 376 voces
470 309 600 392 signum
617 309 698 373 tuba
715 308 827 374 datum
844 308 932 375 finit:
903 311 990 374 tin
1006 333 1083 377 suos

75 402 210 486 quisque
229 399 357 465 ordines
372 398 529 463 currimus
548 401 594 481 et,
612 396 795 498 quidquid
785 417 906 462 irarum
925 398 960 462 in
978 399 1084 463 taber·

74 488 192 554 noculo
220 489 410 570 conceptum
439 488 503 569 ast,
534 486 570 549 in
596 484 683 550 host‘
658 488 740 549 trum
768 484 902 550 effundit
887 489 941 550 tur
967 487 1084 569 capita.

76 577 207 642 Utinam
221 575 333 640 Philot
318 578 370 640 tas
385 594 512 660 quoque
526 558 614 638 intra
627 572 727 638 verba
740 576 918 656 peccasset!
945 574 1084 639 Proinde
1102 589 1138 638 ac

46 663 117 728 cao
134 665 168 728 id
185 667 379 747 praevortar,
402 661 640 745 propterquod
661 660 710 726 rei
733 683 852 728 sumus.
886 661 1085 747 Amicitiam,

78 774 159 835 quac
180 751 275 817 nobis
298 773 372 816 cum
389 750 522 815 Philota
538 750 614 833 fuit,
637 748 717 814 adeo
740 771 807 815 non
829 771 867 815 eo
890 751 1027 835 infitias,
1048 755 1086 816 ut

77 841 236 923 expetisse
264 861 391 923 quoque
416 860 477 904 nos
504 858 705 922 magnosque
732 858 770 902 ex
798 859 836 902 ea
863 837 987 903 fructus
1015 861 1085 923 per·

76 930 200 1011 cepisse
231 928 397 993 confitear.
446 926 500 991 An
528 947 603 991 vero
630 924 869 1010 Parmenionis,
900 948 995 1011 quem
1022 928 1085 993 tibi
1103 941 1138 992 ar

76 1018 257 1099 proximum
287 1036 356 1080 esse
383 1014 532 1097 voluisti,
562 1014 665 1077 filium
694 1034 805 1078 omnes
831 1035 935 1096 paena
963 1016 1085 1081 amicos

76 1109 151 1167 tuos
167 1103 355 1188 dignatione
368 1102 549 1167 vincentem
568 1102 691 1166 cultum
705 1122 726 1165 a
737 1101 831 1167 nobis
849 1123 919 1173 esse
933 1103 1086 1168 miraris?

77 1190 136 1268 Tu,
154 1191 307 1274 hercules,
326 1189 354 1254 si
372 1211 483 1255 verum
502 1189 684 1273 audireris,
701 1211 766 1272 rex,
784 1189 880 1253 huius
893 1190 988 1254 nobis
1001 1192 1085 1273 peri·
1104 1207 1140 1257 aa

77 1278 141 1342 culi
160 1299 194 1342 es
212 1299 317 1342 causa.
357 1277 437 1354 Quis
456 1277 541 1342 enim
564 1277 648 1342 alius
671 1277 785 1360 effecit,
807 1279 845 1341 nt
868 1277 909 1342 ad
931 1277 1086 1343 Philotan

77 1365 293 1448 decurrerent,
316 1366 372 1450 qui
394 1367 522 1449 placere
544 1365 665 1429 vellent
686 1363 771 1430 tibi?
815 1364 868 1429 Ab
892 1365 949 1430 illo
973 1366 1087 1430 traditi

77 1454 225 1519 adhunc
248 1453 384 1537 gradum
409 1453 570 1518 amicitiae
593 1455 669 1518 tuae
691 1453 900 1519 ascendimus.
945 1453 978 1518 Is
1001 1453 1087 1537 apud

76 1546 110 1606 tc
140 1542 219 1625 fuit,
250 1543 339 1606 cuius
372 1545 405 1606 et
436 1542 578 1625 gratiam
610 1544 760 1623 expetere
793 1543 826 1605 et
856 1541 939 1605 iram
969 1542 1087 1607 timere

75 1650 253 1712 possemus.
307 1629 362 1692 An
392 1650 458 1693 non
488 1628 720 1712 propemodum
750 1630 786 1694 ta
816 1632 874 1694 tua
905 1629 1004 1695 verba
1036 1628 1087 1694 tui
1105 1645 1140 1695 aa

76 1738 188 1780 omnes
216 1719 249 1779 te
277 1719 451 1798 praeeunte
477 1716 668 1799 iuravimus,
695 1716 824 1781 eosdem
850 1737 910 1781 nos
937 1716 1087 1782 inimicos

77 1804 261 1887 amicosque
296 1803 465 1867 babituros
502 1824 586 1885 esse,
622 1824 703 1886 quos
734 1806 771 1867 tu
801 1803 960 1868 haberes?
1015 1803 1087 1869 Hoc

77 1894 280 1956 sacramento
294 1890 427 1974 pietatis
441 1890 589 1955 obstricti
602 1911 826 1955 aversaremur
839 1890 973 1974 scilicet,
992 1913 1087 1976 quem

76 1983 114 2043 tu
142 1979 293 2043 omnibus
321 1978 539 2062 praeferebas!
586 1976 709 2063 Igitur,
740 1979 769 2044 si
789 1978 852 2044 hoc
878 1979 1001 2044 crimen
1028 1984 1087 2062 est,
1105 1998 1142 2046 ao

77 2088 196 2150 paucos
223 2067 408 2131 innocentes
435 2067 550 2150 habes,
581 2067 695 2151 immo,
724 2066 885 2151 hercules,
915 2067 1087 2133 neminem.

78 2155 197 2219 Omnes
221 2155 308 2219 enim
329 2154 477 2219 Philotae
505 2155 601 2219 amici
623 2176 693 2220 esse
715 2156 899 2240 voluerunt,
931 2156 988 2221 sed
1010 2157 1087 2221 toti·

77 2243 163 2326 dem,
195 2248 274 2326 quot
304 2243 458 2308 volebant
489 2265 574 2326 esse,
605 2264 672 2308 non
702 2247 863 2326 poterant.
911 2243 976 2328 Ita,
1012 2244 1040 2307 si
1068 2266 1089 2309 a

77 2331 213 2395 consciis
236 2331 358 2396 amicos
379 2352 447 2396 non
468 2330 600 2415 dividis,
622 2352 663 2395 ne
685 2332 727 2395 ab
751 2330 864 2396 amicis
888 2331 1016 2414 quidem
1040 2352 1087 2394 se·

77 2419 209 2502 parabis
231 2420 319 2503 illos,
348 2420 404 2502 qui
430 2419 516 2484 idem
544 2441 614 2484 esse
640 2418 821 2482 voluerunt.
866 2417 959 2493 Quod
986 2418 1087 2503 igitur
1106 2439 1143 2488 31

77 2507 292 2573 conscientiae
310 2507 454 2572 adfertur
471 2506 648 2571 indicium?
684 2504 731 2570 Ut
749 2506 873 2588 opinor,
891 2505 968 2588 quia
984 2505 1088 2588 pridie

77 2594 282 2661 familiariter
305 2599 339 2659 et
361 2595 430 2660 sine
454 2594 585 2659 arbitris
608 2595 734 2658 locutus
753 2595 803 2657 est
819 2591 1001 2656 nobiscum!
1042 2592 1089 2657 At

78 2702 139 2764 ego
162 2702 301 2765 purgare
318 2703 385 2747 non
402 2702 541 2765 possem,
564 2703 593 2745 ιι
584 2679 713 2764 pridie
732 2679 905 2764 quicquam
923 2700 962 2743 ex
980 2682 1089 2745 vetere

78 2769 147 2833 vita
175 2790 213 2834 ac
235 2790 325 2834 more
348 2772 532 2834 mutassem.
576 2766 670 2832 Nunc
692 2789 785 2851 vero,
815 2768 851 2852 si,
873 2769 911 2833 ut
938 2768 1088 2833 omnibus

79 2856 205 2940 diebus,
232 2856 290 2920 illo
318 2877 456 2940 quoque,
484 2857 539 2940 qui
562 2846 732 2939 suspectus
760 2858 823 2936 est,
844 2855 993 2940 fecimus,
1015 2877 1089 2922 con·

47 2944 214 3017 5suetudo
237 2943 340 3010 diluet
362 2945 490 3010 crimen.
535 2941 599 3010 Sed
622 2965 719 3028 equos
743 2905 924 3027 Antiphani
945 2965 1011 3009 non
1036 2944 1087 3008 de·
1107 2966 1143 3016 aa

78 3032 236 3097 dimust
203 3055 220 3098 e
221 3032 366 3118 tpridie,
384 3054 481 3116 quam
498 3031 644 3099 Philotas
662 3032 807 3098 detectus
827 3036 885 3116 est,
907 3032 987 3098 haec
1005 3032 1088 3096 mihi

77 3142 150 3186 cum
173 3121 242 3185 Ant
227 3121 361 3204 tiphane
383 3143 435 3186 res
459 3121 542 3185 erati
570 3121 625 3205 qui
647 3121 676 3185 si
702 3141 763 3186 nos
790 3122 959 3203 suspectos
981 3120 1088 3185 facere

77 3208 160 3287 vult,
182 3209 268 3292 quod
290 3210 348 3274 illo
372 3209 422 3273 die
445 3230 544 3293 equos
566 3230 635 3274 non
657 3209 846 3290 dederimus,
869 3207 1089 3293 semetipsum,

79 3258 165 3397 quod
189 3317 243 3360 eos
267 3296 507 3381 desideraverit,
530 3317 669 3381 purgare
690 3318 758 3361 non
783 3295 914 3397 poterit.
959 3296 1089 3398 Anceps
1108 3317 1144 3365 33

78 3377 165 3447 enim
190 3383 313 3448 crimen
336 3389 387 3449 est
414 3386 500 3449 inter
526 3385 721 3449 retinentem
743 3387 777 3449 et
800 3384 930 3467 exigent
931 3405 997 3448 em:
1024 3384 1091 3449 nisi

77 3471 162 3554 quod
186 3472 302 3536 melior
325 3475 376 3536 est
398 3494 496 3538 causa
523 3494 616 3536 suum
638 3494 706 3537 non
728 3471 886 3536 tradentis
914 3493 1012 3554 quam
1033 3492 1089 3550 po-

76 3563 167 3624 socnt
169 3559 197 3623 is
153 3559 376 3625 atlienum
422 3559 593 3648 Ceterum,
616 3583 692 3647 rex,
718 3581 825 3646 equos
851 3559 974 3621 decem
987 3551 1123 3614 nanum
1134 3565 1188 3606 es.
