2422 3892
130 147 180 210 24'
269 104 271 108 Α
505 145 536 210 Q
556 100 665 202 condi
683 146 770 202 RUFI

78 312 265 391 quoque,
289 309 369 374 quae
392 291 572 355 excubabat
590 291 631 355 ad
649 291 892 355 tabernaculum
910 293 1006 376 regis,
1027 293 1143 378 uerita,

129 401 170 443 ne
202 378 333 442 maioris
364 382 471 443 motus
502 379 695 462 principium
727 382 823 463 esset,
856 401 979 443 armare
1007 402 1041 445 se
1069 402 1142 446 coe-

94 470 229 550 4perat.
275 464 380 531 Causa
410 468 508 531 subiti
537 468 666 550 pavoris
692 467 755 531 fuit
741 466 886 551 t,quod
915 490 968 531 ma
968 471 1018 532 ter
1045 491 1142 534 uxor·

122 576 191 640 ¹que
214 553 312 619 Darei
335 575 408 619 oum
431 555 565 639 captivis
588 555 751 620 nobilibus
773 576 899 640 regem,
922 578 1018 639 quem
1040 558 1142 622 inter·

128 643 249 708 fectum
291 664 360 707 esse
401 643 585 728 credebant,
630 644 756 728 ingenti
798 644 920 729 gemitu
955 645 1141 730 eiulatuque

94 731 298 796 5deflebant.
338 730 431 796 Unus
463 753 601 816 namque
630 753 646 795 e
675 732 809 816 captivis
837 732 1047 817 spadonibus,
1084 734 1140 816 qui

100 866 102 871 -
128 819 212 883 forte
241 822 315 883 ante
338 818 485 902 ipsarum
511 820 755 884 tabernaculum
783 822 928 904 steterat,
958 821 1149 904 amiculum,

129 908 216 992 quod
238 907 376 992 Dareus,
409 909 492 973 sicut
517 909 615 993 paulo
643 911 721 972 ante
749 907 868 972 dictum
896 911 958 992 est,
985 929 1027 971 ne
1050 909 1139 972 cultu

128 995 328 1079 proderetur,
352 996 527 1080 abiecerat,
548 997 584 1060 in
606 996 755 1060 manibus
784 997 864 1080 eius,
897 997 952 1079 qui
974 1000 1139 1079 repertum

128 1083 268 1168 ferebat,
305 1086 438 1168 agnovit
469 1089 621 1169 ratusque
652 1082 822 1147 interfecto
859 1083 1037 1148 detractum
1069 1104 1139 1149 esse

94 1177 110 1225 6
129 1171 246 1236 falsum
268 1173 418 1236 nuntium
440 1173 554 1238 mortis
578 1173 646 1237 eins
669 1173 830 1237 attulerat.
875 1170 947 1236 Hoc
969 1172 1140 1248 mulierum

129 1282 235 1324 errore
263 1265 415 1343 conperto
442 1260 624 1325 Alexander
655 1260 803 1324 fortunae
831 1259 929 1323 Darei
961 1263 995 1323 et
1024 1261 1140 1344 pietati

129 1370 238 1411 earum
260 1349 480 1412 inlacrimasse
502 1349 613 1412 fertur.
658 1347 706 1411 Ac
729 1348 832 1430 primo
856 1345 1064 1431 Mithrenem,
1083 1349 1140 1431 qui

130 1434 239 1499 Sardis
271 1436 460 1518 tradiderat,
496 1436 643 1518 peritum.
666 1436 797 1519 linguae
824 1434 984 1520 Persicae,
1017 1436 1064 1500 ire
1097 1436 1140 1500 ad

18 1562 34 1602 ,-
95 1528 110 1576 7
130 1521 341 1587 consolandas
364 1543 418 1586 eas
440 1524 586 1587 iusserat.
625 1521 757 1586 Veritus
781 1522 907 1606 deinde,
931 1545 971 1587 ne
994 1522 1140 1606 proditor

130 1610 327 1693 captivarum
349 1610 431 1674 iram
450 1610 654 1694 doloremque
677 1615 855 1695 renovaret,
877 1610 1080 1676 Leonnatum
1098 1633 1141 1675 ex

133 1698 317 1783 purpuratis
340 1699 406 1763 suis
430 1699 526 1781 misit,
549 1699 672 1763 iussum
693 1697 844 1780 indicare,
866 1698 949 1763 falso
967 1700 1141 1764 lamentari

130 1809 183 1851 eas
201 1788 318 1852 vivum.
352 1785 411 1852 [He
429 1808 502 1851 cum
519 1787 815 1871 paucisarmigeris
833 1787 868 1850 in
886 1787 1141 1873 tabernaculum,

117 1876 164 1939 ‘in
187 1897 250 1959 quo
274 1876 419 1958 captivae
442 1879 548 1959 erant,
576 1875 722 1958 pervenit
744 1875 950 1958 missumque,
963 1897 997 1939 se
1021 1897 1041 1939 a
1062 1896 1142 1960 rege

95 1969 111 2018 8
130 1964 279 2027 nuntiare
301 1963 399 2027 iubet.
444 1963 491 2027 At
512 1964 548 2047 ii,
581 1964 635 2047 qui
658 1963 693 2026 in
714 1963 873 2027 vestibulo
897 1966 1004 2047 erant,
1031 1968 1069 2027 ut
1091 1984 1141 2027 ar-

81 2072 85 2078 *
131 2053 237 2115 matos
260 2071 467 2135 conspexere,
491 2052 555 2116 rati
578 2056 685 2116 actum
708 2072 777 2115 esse
800 2049 839 2114 de
862 2051 1013 2134 dominis,
1035 2051 1070 2115 in
1092 2054 1142 2115 ta·

131 2138 338 2202 bemaculnm
371 2143 515 2223 eurmnt,
532 2140 773 2221 ¹vociferantes,
810 2138 920 2203 adesse
958 2160 1142 2223 supremam

96 2228 246 2291 ‘lberam
272 2226 465 2310 missosque,
497 2228 552 2312 qui
581 2226 762 2292 occiderent
784 2230 905 2310 captas.
948 2226 1074 2310 Itaque,
1103 2231 1144 2291 ut

57 2379 59 2384 .
132 2337 213 2400 quae
244 2335 303 2379 nec
329 2315 499 2402 prohibere
524 2319 659 2400 possent
689 2336 749 2399 nec
763 2314 949 2378 admittere
976 2315 1143 2399 auderent,
1193 2311 1203 2331 ⁸

131 2403 221 2467 nullo
248 2424 404 2486 responso
428 2402 504 2468 dato
526 2404 643 2468 tacitae
667 2402 915 2486 opperiebantur
938 2403 1067 2468 victoris
1091 2424 1141 2466 ar·

81 2498 113 2547 10
131 2492 272 2557 bitrium.
318 2490 516 2577 Leonnatus,
544 2490 711 2577 expectato
735 2491 801 2573 diu,
825 2492 880 2574 qni
902 2512 936 2555 se
959 2490 1142 2556 introduce·

131 2584 193 2663 ret,
215 2584 387 2665 postquam
409 2601 503 2645 nemo
526 2581 696 2681 procedere
715 2578 866 2662 audebat,
889 2579 1008 2643 relictis
1030 2579 1066 2642 in
1088 2601 1142 2643 ve-

133 2670 251 2733 stibulo
284 2669 403 2734 satellit
404 2669 552 2734 ibust
502 2690 537 2732 m
537 2669 639 2733 trat
629 2690 665 2731 1n
690 2629 942 2731 tabernaculum.
992 2666 1079 2730 Ea
1069 2688 1143 2750 ipsa

131 2777 183 2820 res
206 2757 393 2820 turbaverat
414 2756 563 2839 feminas,
576 2756 715 2908 t'quod
705 2755 865 2854 inrupisse
892 2776 960 2819 non
983 2755 1142 2835 admissus

80 2850 113 2898 11
136 2843 314 2908 videbatur.
371 2843 484 2927 Itaque
522 2867 576 2908 ma
576 2849 648 2908 tur
664 2846 696 2907 et
735 2842 850 2906 coniux
881 2829 1069 2926 provolutae
1101 2842 1144 2906 ad

132 2930 229 3015 pedes
257 2951 348 2994 orare
371 2935 557 3016 coeperunt,
588 2935 637 3015 ut,
669 2932 855 3016 priusquam
877 2928 1144 3013 interficerentur,

63 3037 66 3042 ⁴
131 3019 231 3084 Darei
257 3039 373 3103 corpus
403 3019 482 3101 ipsis
508 3019 634 3103 patrio
643 3041 731 3107 more
764 3018 898 3119 sepelire
927 3018 1143 3102 permitteret:

132 3108 259 3171 functas
292 3127 453 3189 supremo
468 3107 503 3169 in
528 3109 638 3190 regem
646 3101 808 3171 officio
799 3108 924 3191 inpigre
953 3127 1022 3194 sese
1048 3106 1146 3169 mori-

81 3201 113 3248 12
132 3200 232 3260 turas.
267 3194 315 3260 At
334 3194 534 3259 Leonnatus:
562 3199 595 3258 et
616 3195 723 3259 vivere
746 3194 888 3258 Dareum
911 3196 975 3258 et
965 3215 1053 3277 1psas
1075 3214 1145 3258 non

132 3284 308 3348 incolumes
327 3283 433 3366 modo,
456 3282 563 3346 sedt
530 3285 563 3347 et
563 3283 627 3346 iam
646 3286 804 3368 apparatu
822 3283 977 3365 pristinae
994 3281 1145 3346 fortunae

132 3372 261 3455 reginas
291 3371 497 3436 sorellum
529 3371 657 3436 demum
684 3371 782 3436 Darei
811 3374 914 3434 mater
941 3369 1083 3434 adlevari
1109 3390 1144 3432 se

156 3481 229 3524 assa
252 3463 309 3524 est.

72 3551 112 3594 13
132 3483 153 3544 p
211 3546 402 3613 Alexander
417 3551 498 3634 post
499 3569 553 3614 ero
572 3548 623 3612 die
642 3568 715 3612 cum
733 3567 810 3612 cura
828 3546 962 3629 sepultis
980 3544 1147 3629 militibus,
1156 3545 1198 3612 31
