2422 3892
266 183 521 244 HISTORIARUM
539 185 754 241 ALEXANDRI
772 185 806 255 X,
825 191 850 241 9.
871 192 911 242 10.
1033 186 1098 250 285

87 356 197 399 versus
225 333 403 398 inmodicas
431 331 625 416 cupiditates
648 331 806 395 terminus
835 334 963 395 staret?
977 333 1096 415 quippe
1118 341 1133 389 ι

87 424 182 507 paulo
215 426 291 487 ante
321 421 409 505 regis
441 419 583 484 ministri
615 420 721 504 speeie
748 419 877 503 imperii
906 419 1003 483 alieni
1025 442 1098 502 pro·

87 510 219 575 curandi
243 510 363 594 singuli
381 509 528 594 ingentia
545 508 732 573 invaserant
752 527 854 591 regna
877 507 1014 572 sublatis
1034 530 1098 572 eer-

87 599 245 664 taminum
268 599 387 682 nausis,
410 619 483 662 eum
505 601 538 660 et
561 617 672 661 omnes
696 595 839 661 eiusdem
863 596 970 680 gentis
990 600 1099 660 essent

88 691 120 751 et
143 687 295 752 aoeteris
319 687 370 751 sui
394 686 529 770 quisque
552 684 680 767 imperii
700 685 832 769 regione
851 684 991 749 disereti.
1036 682 1133 749 Sede

87 775 218 840 difficile
250 782 320 839 erat
352 795 389 840 eo
423 776 592 838 contentos
625 794 708 856 esse,
746 772 831 856 quod
863 773 1027 837 obtulerat
1050 794 1100 837 oo·

88 865 188 929 casio:
224 864 342 948 quippe
377 862 509 927 sordent
539 861 645 946 prima
677 882 835 945 quaeque,
871 883 943 926 oum
976 861 1100 925 maiora

87 956 266 1036 sperantur.
297 951 411 1033 Itaque
430 950 580 1015 omnibus
600 950 782 1032 exoptatius
796 949 965 1014 videbatur
982 971 1099 1034 augere

87 1061 203 1124 regna,
226 1061 323 1122 quam
340 1037 456 1102 fuisset
478 1039 631 1122 accipere.

40 1129 76 1194 tl
178 1125 340 1212 Septimus
368 1126 436 1191 dies
464 1131 546 1208 erat,
574 1147 613 1190 ex
636 1147 700 1210 quo
723 1147 839 1209 eorpus
862 1126 950 1209 regis
973 1125 1135 1189 iacebate

89 1218 123 1279 in
142 1215 225 1280 solio
244 1215 330 1279 euris
349 1215 492 1279 omnium
511 1213 552 1278 ad
570 1213 776 1278 formandum
794 1213 960 1298 publicum
980 1216 1100 1277 statum

89 1327 109 1368 a
135 1307 204 1368 tam
238 1303 388 1368 sollemni
420 1323 551 1367 munere
579 1303 711 1366 aversis.
756 1300 801 1365 Et
827 1323 893 1365 non
916 1300 981 1365 alia
1003 1323 1100 1385 quam
1120 1310 1153 1358 10

89 1392 346 1476 Mesopotamiae
366 1391 499 1475 regione
519 1390 675 1454 fervidior
693 1395 801 1454 aestus
820 1390 943 1470 existit,
967 1389 1046 1453 adeo
1065 1393 1103 1453 ut

89 1482 242 1565 pleraque
263 1480 430 1563 animalia,
454 1479 587 1564 quaein
604 1479 690 1543 nudo
714 1478 784 1543 solo
807 1477 1026 1562 deprehendit,
1049 1499 1102 1541 ex-

89 1571 233 1653 tinguat:
262 1571 373 1633 tantus
401 1571 451 1631 est
478 1589 579 1649 vapor
607 1566 685 1631 solis
713 1572 747 1630 et
773 1567 867 1649 caeli,
895 1587 958 1650 quo
987 1568 1103 1630 cuneta

89 1656 177 1720 velut
200 1657 275 1738 igne
299 1658 473 1719 torrentur.
513 1653 634 1719 Fontes
657 1676 814 1737 aquarum
834 1659 867 1718 et
884 1654 951 1718 rari
970 1659 1046 1717 sunt
1070 1657 1103 1718 et
1123 1662 1154 1709 11

90 1743 300 1808 incolentium
323 1742 435 1806 fraude
458 1742 617 1805 celantur:
640 1742 721 1824 ipsis
743 1763 821 1806 usus
844 1744 949 1825 patet,
971 1742 1102 1825 ignotus

91 1836 141 1897 est
164 1830 304 1896 advenis.
349 1829 519 1894 Traditum
546 1829 651 1912 magis
680 1850 777 1912 quam
804 1828 961 1893 creditum
983 1829 1102 1893 refero:
1122 1839 1154 1886 12

90 1923 127 1984 ut
152 1919 285 1984 tandem
312 1940 425 1984 curare
458 1939 573 2001 eorpus
606 1917 789 1981 exanimum
823 1917 934 1981 amieis
966 1918 1103 2000 vaeavit,

90 2008 182 2072 nulla
209 2007 298 2089 tabe,
330 2028 370 2071 ne
402 2007 535 2071 minimo
564 2005 692 2090 quidem
719 2005 822 2071 livore
846 2009 1034 2157 corruptutm
1056 2007 1103 2070 vi-

92 2098 178 2178 dere,
202 2095 258 2178 qui
280 2095 490 2159 intraverant.
532 2093 637 2179 Vigor
659 2115 799 2178 quoque,
829 2094 885 2178 qui
915 2098 1006 2158 eonst
1008 2097 1104 2158 atax

92 2185 223 2268 spiritu,
263 2205 330 2248 non
370 2182 442 2248 dest
428 2184 562 2247 tituerat
602 2183 672 2247 vult
658 2188 736 2247 t.um
789 2182 903 2265 Itaque
946 2183 1104 2267 Aegyptii
1123 2193 1155 2240 13

92 2271 369 2356 Chaldaeique,
359 2271 441 2335 russi
477 2291 593 2353 eorpus
626 2292 684 2335 suo
716 2290 806 2334 more
840 2290 962 2352 curare,
998 2271 1103 2352 primo

90 2383 156 2425 non
179 2365 256 2425 sunt
275 2381 346 2424 ausr
337 2358 534 2424 admovere
552 2357 642 2422 velut
665 2357 802 2441 spiranti
823 2378 947 2421 manus.
977 2357 1103 2421 Deinde

91 2449 227 2533 precati,
262 2451 300 2513 ut
336 2447 386 2512 ius
422 2445 536 2531 fasque
575 2448 661 2509 esset
701 2445 964 2509 mortalibust
929 2467 949 2508 a
950 2448 1048 2509 tttreo
1049 2467 1104 2509 are

91 2537 200 2620 deum,
233 2556 411 2621 purgavere
444 2557 574 2618 eorpus:
611 2532 833 2615 repletumque
866 2537 918 2598 est
950 2533 1103 2598 odoribus

92 2647 225 2689 aureum
261 2624 379 2688 solium
418 2627 451 2686 et
488 2621 588 2704 capiti
619 2621 745 2685 adiecta
776 2620 924 2685 fortunae
957 2623 1025 2685 eius
1056 2622 1104 2684 in-

92 2713 206 2797 signia.
233 2709 366 2775 Veneno
385 2713 535 2774 necatum
554 2730 624 2773 esse
644 2708 804 2773 credidere
821 2709 979 2793 plerique:
999 2710 1102 2773 filium
1122 2720 1155 2767 14

91 2800 170 2864 Ant
145 2803 229 2882 tt1pa
230 2799 257 2862 ri
215 2798 366 2863 tinter
385 2798 481 2862 minis
483 2801 565 2878 tro,s
586 2797 703 2861 Iollam
725 2798 865 2880 nomine,
888 2798 1023 2882 patris
1013 2820 1103 2862 iussu

92 2888 225 2952 dedisse.
262 2884 364 2969 Saepe
388 2890 473 2952 certe
441 2848 606 2951 taudita
629 2890 699 2949 erat
719 2907 780 2950 vox
800 2885 991 2968 Alexandri,
1009 2885 1103 2951 Anti·

90 2980 220 3061 patrum
247 2975 373 3059 regium
402 2974 562 3038 adfectare
589 2973 757 3058 fastigium
785 2973 1003 3058 maioremque
1032 2996 1102 3038 esse

90 3064 247 3150 praefecti
265 3063 383 3146 opibus
403 3084 440 3126 ao
457 3062 555 3127 titulo
575 3060 751 3144 Spartanae
772 3063 926 3127 victoriae
945 3063 1101 3140 inflatum,

91 3155 201 3219 omnia
219 3175 239 3217 a
255 3173 289 3216 se
308 3151 385 3215 data
403 3150 551 3214 adserent
537 3154 602 3214 tem
622 3151 697 3215 sibi:
716 3150 940 3215 eredebantet
907 3151 1006 3215 <etiam
1025 3148 1101 3215 Cra·
1123 3162 1154 3208 15

91 3248 197 3306 terum
224 3262 297 3304 eum
327 3243 380 3304 vet
381 3261 471 3303 erum
494 3239 581 3303 milit
566 3241 636 3302 tum
659 3260 758 3302 manu
782 3238 823 3303 ad
849 3239 1102 3303 interficiendum

91 3351 165 3394 eum
183 3329 327 3393 missum.
362 3326 439 3392 Vim
463 3331 572 3392 autem
590 3327 715 3410 veneni,
737 3326 860 3410 quod'
850 3349 886 3390 ιιι
912 3326 1102 3392 Macedonia
1124 3338 1155 3386 16

91 3417 247 3502 gignitur,
267 3417 367 3480 talem
386 3438 456 3481 esse
476 3419 612 3500 constat,
635 3419 673 3480 ut
690 3416 810 3479 ferrum
830 3436 956 3499 quoque
976 3420 1102 3481 exurat:

90 3506 248 3589 ungulam
261 3505 396 3569 iumenti
411 3505 581 3570 dumtaxat
589 3504 766 3588 patientem
777 3525 848 3568 esse
860 3505 1014 3584 [constat]
1026 3505 1102 3567 suoi.

91 3592 222 3679 Stygem
242 3594 407 3679 appellant
424 3593 557 3678 fontem,
577 3613 615 3657 ex
634 3612 697 3677 quo
711 3592 899 3676 pestiferum
914 3594 1002 3659 virus
1017 3613 1101 3655 ema·
1122 3602 1154 3650 1⁷
