2422 3892
254 137 509 193 HISTORIARUM
527 137 742 193 ALEXANDRI
759 137 808 207 IV,
828 144 869 192 16.
1022 137 1063 201 79

10 284 44 348 33
144 281 292 348 Cecidere
323 281 507 357 Persarum,
550 303 685 366 quorum
723 303 892 346 numerum
928 283 1064 347 victores
1083 302 1116 351 as

55 371 147 434 finire
174 373 362 454 potuerunt
393 370 484 434 milia
506 387 565 452 xa,
597 369 809 435 Macedonum
837 370 943 435 minus
967 392 1064 454 quem

56 475 119 524 ccc
155 458 325 522 desiderati
362 461 445 522 sunt.
504 455 654 521 Ceterum
689 458 773 523 hano
809 459 976 523 victoriam
1009 479 1065 522 rex
1083 478 1116 527 2⁷

55 547 175 609 maiore
207 568 245 610 ex
274 549 365 629 parte
393 545 518 629 virtuti,
551 567 647 629 quam
670 545 818 610 fortunae
841 567 918 610 suae
941 546 1064 610 debuit:
1083 565 1116 616 28

57 635 191 715 [animo,
222 655 302 718 non,
333 636 370 696 ut
402 636 509 715 antea,
541 633 612 698 loco
644 633 743 714 vicit}
787 632 873 698 Nam
903 637 936 698 et
963 635 1064 699 aciem

54 722 247 806 peritissime
270 722 424 786 instruxit
446 725 478 785 et
500 721 738 804 promptissime
765 721 834 804 ipse
856 723 1013 807 pugnavit
1033 728 1066 785 et

54 831 174 895 magno
203 810 337 875 oonsilio
361 809 518 873 iacturam
542 809 739 873 sarcinarum
761 809 1061 892 inpedimentorum·

55 919 117 983 que
140 898 350 980 contempsit,
373 918 446 973 cum
469 897 596 980 inipso
619 896 686 961 acie
711 918 853 962 summae
875 899 922 962 rei
944 898 1065 962 videret

56 1007 126 1050 esse
157 985 342 1068 discrimen,
373 984 534 1068 dubioque
566 984 670 1048 adhue
700 1004 828 1070 pugnae
860 989 976 1050 eventu
1004 1007 1063 1070 pro

55 1074 176 1137 victore
205 1093 238 1136 se
262 1072 375 1156 gessit:
406 1072 569 1154 perculsos
593 1071 706 1135 deinde
728 1071 870 1137 hostium
893 1073 989 1156 fudit,
1015 1073 1063 1137 fu·
1084 1094 1116 1142 29

57 1160 195 1243 gientes,
227 1158 312 1242 quod
344 1159 379 1222 in
409 1158 466 1221 illo
494 1159 607 1223 ardore
634 1159 733 1222 animi
760 1160 812 1223 vix
839 1159 924 1224 credi
950 1164 1065 1244 potest,

55 1246 243 1330 prudentius
266 1268 363 1330 quam
387 1245 509 1310 avidius
529 1249 714 1329 persecutus
733 1251 789 1310 est.
824 1245 910 1312 Nam
929 1248 956 1310 si
974 1252 1065 1330 parte
1084 1267 1117 1316 30

57 1334 213 1399 exercitus
240 1334 342 1398 adhuc
364 1335 399 1397 in
422 1334 489 1398 acie
513 1336 619 1398 stante
642 1335 763 1398 instare
786 1335 973 1399 cedentibus
994 1357 1065 1419 per·

56 1425 245 1505 severasset,
279 1424 335 1486 aut
362 1422 456 1504 culpa
481 1442 540 1485 sua
562 1421 666 1486 victus
689 1425 773 1487 esset
796 1425 853 1487 aut
875 1423 981 1487 aliena
1003 1423 1065 1487 vir·

56 1513 126 1575 tute
153 1510 289 1575 vicisset.
329 1509 399 1573 Iam
424 1510 451 1573 si
474 1508 709 1573 multitudinem
733 1510 876 1594 equitum
900 1533 1064 1576 occurren-

55 1599 138 1662 tium
175 1598 387 1680 extimuisset,
422 1597 545 1683 victori
572 1600 629 1661 aut
663 1595 755 1662 foede
789 1598 977 1684 fugiendum
1009 1603 1065 1663 aut

56 1686 282 1750 miserabiliter
300 1684 475 1748 cadendum
488 1683 558 1748 fuit.
584 1683 617 1749 N
618 1706 634 1747 e
648 1684 745 1750 duces
759 1686 886 1769 quidem
901 1688 1064 1769 copiarum
1083 1705 1115 1754 31

57 1795 115 1838 sua
137 1773 230 1836 laude
252 1771 422 1836 fraudandi
444 1775 533 1836 sunt:
566 1773 683 1856 quippe
706 1776 851 1857 vulnera,
875 1795 956 1856 quse
980 1774 1065 1858 quis·

58 1882 120 1945 que
144 1864 280 1943 excepit,
302 1859 420 1924 indicia
442 1859 571 1924 virtutis
594 1863 678 1924 sunt.
719 1860 968 1944 Hephaestionis
992 1862 1063 1926 bra·
1082 1881 1115 1929 32

57 1949 164 2014 chium
188 1948 282 2013 hasta
304 1949 403 2013 ictum
426 1951 484 2032 est,
506 1946 657 2013 Perdicca
675 1952 708 2013 ct
726 1947 850 2014 Coenos
870 1952 902 2013 st
919 1948 1064 2014 Menidas

57 2037 185 2121 sagittis
211 2057 312 2120 prope
340 2035 444 2101 occisi.
488 2034 543 2119 Et,
568 2036 593 2100 si
622 2058 694 2100 vere
722 2038 892 2102 aestimare
917 2036 1064 2103 Maccdo-
1082 2057 1116 2106 3³

57 2145 130 2206 nas,
154 2125 209 2207 qui
230 2127 308 2189 tunc
331 2127 436 2204 erant,
459 2124 615 2207 volumus,
637 2126 809 2190 fatebimur
832 2129 864 2191 et
885 2147 992 2210 regem
1016 2129 1063 2191 ta-

57 2212 143 2276 libus
165 2211 320 2276 ministris
344 2216 376 2277 ct
397 2212 470 2277 illos
493 2215 585 2277 tanto
607 2233 682 2299 rege
704 2213 804 2280 fuisse
827 2214 1042 2299 dignissimos.
