<?xml version="1.0" encoding="UTF-8"?>
<!DOCTYPE html PUBLIC "-//W3C//DTD XHTML 1.0 Transitional//EN"
    "http://www.w3.org/TR/xhtml1/DTD/xhtml1-transitional.dtd">
<html xmlns="http://www.w3.org/1999/xhtml" xml:lang="en" lang="en">
 <head>
  <title>
</title>
<meta http-equiv="Content-Type" content="text/html;charset=utf-8" />
  <meta name='ocr-system' content='tesseract 3.04.00' />
  <meta name='ocr-capabilities' content='ocr_page ocr_carea ocr_par ocr_line ocrx_word'/>
</head>
<body>
  <div class='ocr_page' id='page_1' title='image "./historiarumalex00rufugoog_0165.png"; bbox 0 0 2422 3892; ppageno 0'>
   <div class='ocr_carea' id='block_1_1' title="bbox 131 155 768 224">
    <p class='ocr_par' dir='ltr' id='par_1_1' title="bbox 131 155 768 224">
     <span class='ocr_line' id='line_1_1' title="bbox 131 155 768 224; baseline -0.006 -11"><span class='ocrx_word' id='word_1_1' title='bbox 131 159 193 222; x_wconf 80' lang='grc'>128</span> <span class='ocrx_word' id='word_1_2' title='bbox 502 157 533 224; x_wconf 79' lang='lat' dir='ltr'>Q.</span> <span class='ocrx_word' id='word_1_3' title='bbox 553 155 663 212; x_wconf 82' lang='lat' dir='ltr'>OURTI</span> <span class='ocrx_word' id='word_1_4' title='bbox 681 155 768 212; x_wconf 78' lang='lat' dir='ltr'><strong>RUFI</strong></span> 
     </span>
    </p>
   </div>
   <div class='ocr_carea' id='block_1_2' title="bbox 555 352 710 419">
    <p class='ocr_par' dir='ltr' id='par_1_2' title="bbox 555 352 710 419">
     <span class='ocr_line' id='line_1_2' title="bbox 555 352 710 419; baseline 0 -1"><span class='ocrx_word' id='word_1_5' title='bbox 555 352 635 419; x_wconf 78' lang='lat' dir='ltr'>Car.</span> <span class='ocrx_word' id='word_1_6' title='bbox 653 353 710 419; x_wconf 90' lang='lat' dir='ltr'>VI.</span> 
     </span>
    </p>
   </div>
   <div class='ocr_carea' id='block_1_3' title="bbox 94 476 1200 1091">
    <p class='ocr_par' dir='ltr' id='par_1_3' title="bbox 94 476 1200 737">
     <span class='ocr_line' id='line_1_3' title="bbox 94 476 1200 560; baseline 0.007 -23"><span class='ocrx_word' id='word_1_7' title='bbox 94 491 107 537; x_wconf 88' lang='lat'>1</span> <span class='ocrx_word' id='word_1_8' title='bbox 217 478 281 544; x_wconf 93' lang='lat' dir='ltr'>Hic</span> <span class='ocrx_word' id='word_1_9' title='bbox 308 499 384 542; x_wconf 84' lang='lat' dir='ltr'>vero</span> <span class='ocrx_word' id='word_1_10' title='bbox 407 476 517 560; x_wconf 90' lang='lat' dir='ltr'>palam</span> <span class='ocrx_word' id='word_1_11' title='bbox 539 477 732 560; x_wconf 91' lang='lat' dir='ltr'>cupiditates</span> <span class='ocrx_word' id='word_1_12' title='bbox 756 497 831 541; x_wconf 90' lang='lat' dir='ltr'>suas</span> <span class='ocrx_word' id='word_1_13' title='bbox 855 476 954 541; x_wconf 88' lang='lat' dir='ltr'>solvit</span> <span class='ocrx_word' id='word_1_14' title='bbox 976 477 1200 545; x_wconf 77' lang='lat' dir='ltr'>contineo-20</span> 
     </span>
     <span class='ocr_line' id='line_1_4' title="bbox 128 564 1148 652; baseline -0.002 -19"><span class='ocrx_word' id='word_1_15' title='bbox 128 569 272 652; x_wconf 90' lang='lat' dir='ltr'>tiamque</span> <span class='ocrx_word' id='word_1_16' title='bbox 294 569 328 631; x_wconf 90' lang='lat' dir='ltr'>et</span> <span class='ocrx_word' id='word_1_17' title='bbox 350 564 612 645; x_wconf 78' lang='lat' dir='ltr'>moderationem,</span> <span class='ocrx_word' id='word_1_18' title='bbox 636 564 671 628; x_wconf 90' lang='lat' dir='ltr'>in</span> <span class='ocrx_word' id='word_1_19' title='bbox 690 564 850 629; x_wconf 89' lang='lat' dir='ltr'>altissima</span> <span class='ocrx_word' id='word_1_20' title='bbox 868 585 992 648; x_wconf 93' lang='lat' dir='ltr'>quaque</span> <span class='ocrx_word' id='word_1_21' title='bbox 1011 564 1148 631; x_wconf 87' lang='lat' dir='ltr'>fortuna</span> 
     </span>
     <span class='ocr_line' id='line_1_5' title="bbox 129 651 1147 737; baseline -0.001 -17"><span class='ocrx_word' id='word_1_22' title='bbox 129 654 306 721; x_wconf 72' lang='lat' dir='ltr'>eminentia</span> <span class='ocrx_word' id='word_1_23' title='bbox 337 654 437 735; x_wconf 90' lang='lat' dir='ltr'>bona,</span> <span class='ocrx_word' id='word_1_24' title='bbox 473 654 509 716; x_wconf 92' lang='lat' dir='ltr'>in</span> <span class='ocrx_word' id='word_1_25' title='bbox 544 653 730 737; x_wconf 88' lang='lat' dir='ltr'>superbiam</span> <span class='ocrx_word' id='word_1_26' title='bbox 766 673 804 716; x_wconf 91' lang='lat' dir='ltr'>ac</span> <span class='ocrx_word' id='word_1_27' title='bbox 835 651 1003 717; x_wconf 86' lang='lat' dir='ltr'>lasciviam</span> <span class='ocrx_word' id='word_1_28' title='bbox 1034 655 1147 720; x_wconf 82' lang='lat' dir='ltr'>vertit.</span> 
     </span>
    </p>

    <p class='ocr_par' dir='ltr' id='par_1_4' title="bbox 94 739 1147 1002">
     <span class='ocr_line' id='line_1_6' title="bbox 94 739 1146 826; baseline 0.005 -25"><span class='ocrx_word' id='word_1_29' title='bbox 94 744 258 808; x_wconf 80' lang='lat' dir='ltr'>aPatrios</span> <span class='ocrx_word' id='word_1_30' title='bbox 285 763 391 807; x_wconf 91' lang='lat' dir='ltr'>mores</span> <span class='ocrx_word' id='word_1_31' title='bbox 419 740 685 826; x_wconf 80' lang='lat' dir='ltr'>disciplinamque</span> <span class='ocrx_word' id='word_1_32' title='bbox 712 739 924 805; x_wconf 82' lang='lat' dir='ltr'>Macedonum</span> <span class='ocrx_word' id='word_1_33' title='bbox 950 761 1065 824; x_wconf 90' lang='lat' dir='ltr'>regum</span> <span class='ocrx_word' id='word_1_34' title='bbox 1095 764 1146 806; x_wconf 89' lang='lat' dir='ltr'>sa-</span> 
     </span>
     <span class='ocr_line' id='line_1_7' title="bbox 128 828 1147 914; baseline 0 -20"><span class='ocrx_word' id='word_1_35' title='bbox 128 831 265 895; x_wconf 88' lang='lat' dir='ltr'>lubriter</span> <span class='ocrx_word' id='word_1_36' title='bbox 287 833 502 914; x_wconf 73' lang='lat' dir='ltr'>temperatam</span> <span class='ocrx_word' id='word_1_37' title='bbox 526 832 559 893; x_wconf 87' lang='lat' dir='ltr'>et</span> <span class='ocrx_word' id='word_1_38' title='bbox 581 829 708 894; x_wconf 82' lang='lat' dir='ltr'>civilem</span> <span class='ocrx_word' id='word_1_39' title='bbox 735 829 886 893; x_wconf 89' lang='lat' dir='ltr'>habitum</span> <span class='ocrx_word' id='word_1_40' title='bbox 907 828 997 893; x_wconf 84' lang='lat' dir='ltr'>velut</span> <span class='ocrx_word' id='word_1_41' title='bbox 1019 828 1147 894; x_wconf 82' lang='lat' dir='ltr'>leviora</span> 
     </span>
     <span class='ocr_line' id='line_1_8' title="bbox 129 916 1146 1002; baseline 0 -20"><span class='ocrx_word' id='word_1_42' title='bbox 129 916 352 1002; x_wconf 88' lang='lat' dir='ltr'>magnitudine</span> <span class='ocrx_word' id='word_1_43' title='bbox 380 939 439 983; x_wconf 90' lang='lat' dir='ltr'>sua</span> <span class='ocrx_word' id='word_1_44' title='bbox 465 917 583 982; x_wconf 89' lang='lat' dir='ltr'>ducens</span> <span class='ocrx_word' id='word_1_45' title='bbox 610 916 758 981; x_wconf 82' lang='lat' dir='ltr'>Persicae</span> <span class='ocrx_word' id='word_1_46' title='bbox 784 916 895 999; x_wconf 90' lang='lat' dir='ltr'>regiae</span> <span class='ocrx_word' id='word_1_47' title='bbox 922 937 981 999; x_wconf 89' lang='lat' dir='ltr'>par</span> <span class='ocrx_word' id='word_1_48' title='bbox 1008 916 1146 982; x_wconf 88' lang='lat' dir='ltr'>deorum</span> 
     </span>
    </p>

    <p class='ocr_par' dir='ltr' id='par_1_5' title="bbox 94 1002 1146 1091">
     <span class='ocr_line' id='line_1_9' title="bbox 94 1002 1146 1091; baseline -0.001 -20"><span class='ocrx_word' id='word_1_49' title='bbox 94 1017 110 1064; x_wconf 81' lang='grc'><strong>3</strong></span> <span class='ocrx_word' id='word_1_50' title='bbox 130 1006 295 1090; x_wconf 87' lang='lat' dir='ltr'>potentiae</span> <span class='ocrx_word' id='word_1_51' title='bbox 318 1005 486 1091; x_wconf 86' lang='lat' dir='ltr'>fastigium</span> <span class='ocrx_word' id='word_1_52' title='bbox 506 1005 741 1071; x_wconf 82' lang='lat' dir='ltr'>aemulabatur:</span> <span class='ocrx_word' id='word_1_53' title='bbox 766 1005 883 1085; x_wconf 87' lang='lat' dir='ltr'>[iacere</span> <span class='ocrx_word' id='word_1_54' title='bbox 901 1002 993 1068; x_wconf 91' lang='lat' dir='ltr'>humi</span> <span class='ocrx_word' id='word_1_55' title='bbox 1010 1025 1146 1070; x_wconf 82' lang='lat' dir='ltr'>venera·</span> 
     </span>
    </p>
   </div>
   <div class='ocr_carea' id='block_1_4' title="bbox 79 1092 1194 3646">
    <p class='ocr_par' dir='ltr' id='par_1_6' title="bbox 79 1092 1194 3646">
     <span class='ocr_line' id='line_1_10' title="bbox 129 1092 1146 1179; baseline -0.001 -20"><span class='ocrx_word' id='word_1_56' title='bbox 129 1094 254 1159; x_wconf 84' lang='lat' dir='ltr'>hundos</span> <span class='ocrx_word' id='word_1_57' title='bbox 281 1094 402 1178; x_wconf 90' lang='lat' dir='ltr'>ipsum]</span> <span class='ocrx_word' id='word_1_58' title='bbox 430 1093 649 1179; x_wconf 88' lang='lat' dir='ltr'>paulatimque</span> <span class='ocrx_word' id='word_1_59' title='bbox 677 1093 846 1158; x_wconf 85' lang='lat' dir='ltr'>servilibus</span> <span class='ocrx_word' id='word_1_60' title='bbox 874 1092 1065 1157; x_wconf 89' lang='lat' dir='ltr'>ministeriis</span> <span class='ocrx_word' id='word_1_61' title='bbox 1091 1097 1146 1158; x_wconf 88' lang='lat' dir='ltr'>tot</span> 
     </span>
     <span class='ocr_line' id='line_1_11' title="bbox 129 1179 1144 1269; baseline -0.003 -22"><span class='ocrx_word' id='word_1_62' title='bbox 129 1184 267 1248; x_wconf 88' lang='lat' dir='ltr'>victores</span> <span class='ocrx_word' id='word_1_63' title='bbox 296 1182 442 1269; x_wconf 89' lang='lat' dir='ltr'>gentium</span> <span class='ocrx_word' id='word_1_64' title='bbox 469 1182 602 1247; x_wconf 88' lang='lat' dir='ltr'>inbuere</span> <span class='ocrx_word' id='word_1_65' title='bbox 626 1184 659 1245; x_wconf 87' lang='lat' dir='ltr'>et</span> <span class='ocrx_word' id='word_1_66' title='bbox 685 1181 821 1265; x_wconf 83' lang='lat' dir='ltr'>captivis</span> <span class='ocrx_word' id='word_1_67' title='bbox 843 1201 938 1264; x_wconf 89' lang='lat' dir='ltr'>pares</span> <span class='ocrx_word' id='word_1_68' title='bbox 961 1179 1066 1245; x_wconf 88' lang='lat' dir='ltr'>facere</span> <span class='ocrx_word' id='word_1_69' title='bbox 1091 1202 1144 1245; x_wconf 86' lang='lat' dir='ltr'>ex·</span> 
     </span>
     <span class='ocr_line' id='line_1_12' title="bbox 94 1267 1144 1355; baseline 0.004 -25"><span class='ocrx_word' id='word_1_70' title='bbox 94 1283 110 1330; x_wconf 86' lang='lat'>4</span> <span class='ocrx_word' id='word_1_71' title='bbox 129 1273 269 1354; x_wconf 82' lang='lat' dir='ltr'>petebat</span> <span class='ocrx_word' id='word_1_72' title='bbox 318 1271 432 1355; x_wconf 87' lang='lat' dir='ltr'>Itaque</span> <span class='ocrx_word' id='word_1_73' title='bbox 455 1292 651 1354; x_wconf 91' lang='lat' dir='ltr'>purpureum</span> <span class='ocrx_word' id='word_1_74' title='bbox 675 1269 822 1334; x_wconf 89' lang='lat' dir='ltr'>diadema</span> <span class='ocrx_word' id='word_1_75' title='bbox 843 1267 1034 1333; x_wconf 88' lang='lat' dir='ltr'>distinctum</span> <span class='ocrx_word' id='word_1_76' title='bbox 1057 1268 1144 1352; x_wconf 90' lang='lat' dir='ltr'>albo,</span> 
     </span>
     <span class='ocr_line' id='line_1_13' title="bbox 129 1355 1144 1442; baseline -0.002 -18"><span class='ocrx_word' id='word_1_77' title='bbox 129 1361 224 1442; x_wconf 90' lang='lat' dir='ltr'>quale</span> <span class='ocrx_word' id='word_1_78' title='bbox 246 1359 372 1424; x_wconf 89' lang='lat' dir='ltr'>Dareus</span> <span class='ocrx_word' id='word_1_79' title='bbox 400 1358 574 1440; x_wconf 86' lang='lat' dir='ltr'>habuerat,</span> <span class='ocrx_word' id='word_1_80' title='bbox 603 1357 702 1440; x_wconf 90' lang='lat' dir='ltr'>capiti</span> <span class='ocrx_word' id='word_1_81' title='bbox 725 1355 936 1422; x_wconf 88' lang='lat' dir='ltr'>circumdedit</span> <span class='ocrx_word' id='word_1_82' title='bbox 957 1359 1144 1441; x_wconf 84' lang='lat' dir='ltr'>vestemque</span> 
     </span>
     <span class='ocr_line' id='line_1_14' title="bbox 129 1445 1144 1529; baseline -0.001 -19"><span class='ocrx_word' id='word_1_83' title='bbox 129 1446 293 1510; x_wconf 87' lang='lat' dir='ltr'>Persicam</span> <span class='ocrx_word' id='word_1_84' title='bbox 321 1446 472 1529; x_wconf 87' lang='lat' dir='ltr'>sumpsit,</span> <span class='ocrx_word' id='word_1_85' title='bbox 501 1467 543 1509; x_wconf 92' lang='lat' dir='ltr'>ne</span> <span class='ocrx_word' id='word_1_86' title='bbox 570 1465 664 1510; x_wconf 90' lang='lat' dir='ltr'>omen</span> <span class='ocrx_word' id='word_1_87' title='bbox 691 1446 820 1529; x_wconf 91' lang='lat' dir='ltr'>quidem</span> <span class='ocrx_word' id='word_1_88' title='bbox 846 1445 982 1527; x_wconf 82' lang='lat' dir='ltr'>veritus,</span> <span class='ocrx_word' id='word_1_89' title='bbox 1008 1445 1096 1528; x_wconf 88' lang='lat' dir='ltr'>quod</span> <span class='ocrx_word' id='word_1_90' title='bbox 1125 1467 1144 1509; x_wconf 90' lang='lat' dir='ltr'>a</span> 
     </span>
     <span class='ocr_line' id='line_1_15' title="bbox 96 1531 1145 1618; baseline 0.005 -26"><span class='ocrx_word' id='word_1_91' title='bbox 96 1533 265 1598; x_wconf 78' lang='lat' dir='ltr'>oviatoris</span> <span class='ocrx_word' id='word_1_92' title='bbox 293 1533 477 1618; x_wconf 82' lang='lat' dir='ltr'>insignibus</span> <span class='ocrx_word' id='word_1_93' title='bbox 504 1533 539 1597; x_wconf 93' lang='lat' dir='ltr'>in</span> <span class='ocrx_word' id='word_1_94' title='bbox 566 1532 685 1596; x_wconf 84' lang='lat' dir='ltr'>devicti</span> <span class='ocrx_word' id='word_1_95' title='bbox 715 1533 870 1598; x_wconf 88' lang='lat' dir='ltr'>transiret</span> <span class='ocrx_word' id='word_1_96' title='bbox 896 1531 1054 1599; x_wconf 86' lang='lat' dir='ltr'>habitum.</span> <span class='ocrx_word' id='word_1_97' title='bbox 1098 1532 1145 1597; x_wconf 86' lang='lat' dir='ltr'>Et</span> 
     </span>
     <span class='ocr_line' id='line_1_16' title="bbox 129 1619 1144 1707; baseline 0 -22"><span class='ocrx_word' id='word_1_98' title='bbox 129 1621 185 1685; x_wconf 93' lang='lat' dir='ltr'>ille</span> <span class='ocrx_word' id='word_1_99' title='bbox 213 1642 248 1686; x_wconf 87' lang='lat' dir='ltr'>se</span> <span class='ocrx_word' id='word_1_100' title='bbox 275 1620 406 1705; x_wconf 87' lang='lat' dir='ltr'>quidem</span> <span class='ocrx_word' id='word_1_101' title='bbox 433 1621 537 1705; x_wconf 89' lang='lat' dir='ltr'>spolia</span> <span class='ocrx_word' id='word_1_102' title='bbox 564 1619 735 1685; x_wconf 87' lang='lat' dir='ltr'>Persarum</span> <span class='ocrx_word' id='word_1_103' title='bbox 762 1625 890 1707; x_wconf 86' lang='lat' dir='ltr'>gestare</span> <span class='ocrx_word' id='word_1_104' title='bbox 917 1621 1059 1704; x_wconf 88' lang='lat' dir='ltr'>dicebat,</span> <span class='ocrx_word' id='word_1_105' title='bbox 1087 1621 1144 1686; x_wconf 90' lang='lat' dir='ltr'>sed</span> 
     </span>
     <span class='ocr_line' id='line_1_17' title="bbox 130 1708 1143 1794; baseline 0 -20"><span class='ocrx_word' id='word_1_106' title='bbox 130 1731 203 1774; x_wconf 91' lang='lat' dir='ltr'>cum</span> <span class='ocrx_word' id='word_1_107' title='bbox 221 1709 289 1774; x_wconf 91' lang='lat' dir='ltr'>illis</span> <span class='ocrx_word' id='word_1_108' title='bbox 303 1730 429 1794; x_wconf 86' lang='lat' dir='ltr'>quoque</span> <span class='ocrx_word' id='word_1_109' title='bbox 443 1730 548 1775; x_wconf 90' lang='lat' dir='ltr'>mores</span> <span class='ocrx_word' id='word_1_110' title='bbox 566 1709 730 1793; x_wconf 88' lang='lat' dir='ltr'>induerat,</span> <span class='ocrx_word' id='word_1_111' title='bbox 748 1709 995 1793; x_wconf 87' lang='lat' dir='ltr'>superbiamque</span> <span class='ocrx_word' id='word_1_112' title='bbox 1008 1708 1143 1774; x_wconf 87' lang='lat' dir='ltr'>habitus</span> 
     </span>
     <span class='ocr_line' id='line_1_18' title="bbox 95 1798 1143 1882; baseline 0.006 -25"><span class='ocrx_word' id='word_1_113' title='bbox 95 1810 110 1857; x_wconf 84' lang='lat' dir='ltr'>s</span> <span class='ocrx_word' id='word_1_114' title='bbox 130 1798 230 1863; x_wconf 90' lang='lat' dir='ltr'>animi</span> <span class='ocrx_word' id='word_1_115' title='bbox 253 1798 428 1863; x_wconf 88' lang='lat' dir='ltr'>insolentia</span> <span class='ocrx_word' id='word_1_116' title='bbox 450 1800 657 1882; x_wconf 86' lang='lat' dir='ltr'>sequebatur:</span> <span class='ocrx_word' id='word_1_117' title='bbox 681 1833 723 1845; x_wconf 93' lang='lat'>—</span> <span class='ocrx_word' id='word_1_118' title='bbox 746 1798 875 1863; x_wconf 90' lang='lat' dir='ltr'>litteras</span> <span class='ocrx_word' id='word_1_119' title='bbox 899 1818 1039 1881; x_wconf 90' lang='lat' dir='ltr'>quoque,</span> <span class='ocrx_word' id='word_1_120' title='bbox 1062 1819 1143 1881; x_wconf 89' lang='lat' dir='ltr'>quas</span> 
     </span>
     <span class='ocr_line' id='line_1_19' title="bbox 130 1884 1144 1970; baseline -0.001 -20"><span class='ocrx_word' id='word_1_121' title='bbox 130 1887 165 1950; x_wconf 93' lang='lat' dir='ltr'>in</span> <span class='ocrx_word' id='word_1_122' title='bbox 181 1885 349 1970; x_wconf 82' lang='lat' dir='ltr'>Europam</span> <span class='ocrx_word' id='word_1_123' title='bbox 367 1887 520 1970; x_wconf 87' lang='lat' dir='ltr'>mitteret,</span> <span class='ocrx_word' id='word_1_124' title='bbox 542 1887 660 1951; x_wconf 83' lang='lat' dir='ltr'>veteris</span> <span class='ocrx_word' id='word_1_125' title='bbox 682 1886 771 1950; x_wconf 87' lang='lat' dir='ltr'>anuli</span> <span class='ocrx_word' id='word_1_126' title='bbox 790 1906 918 1970; x_wconf 86' lang='lat' dir='ltr'>gemma</span> <span class='ocrx_word' id='word_1_127' title='bbox 938 1884 1144 1970; x_wconf 83' lang='lat' dir='ltr'>obsignabat,</span> 
     </span>
     <span class='ocr_line' id='line_1_20' title="bbox 130 1972 1145 2058; baseline 0.001 -21"><span class='ocrx_word' id='word_1_128' title='bbox 130 1974 185 2055; x_wconf 89' lang='lat' dir='ltr'>iis,</span> <span class='ocrx_word' id='word_1_129' title='bbox 217 1996 295 2057; x_wconf 91' lang='lat' dir='ltr'>quas</span> <span class='ocrx_word' id='word_1_130' title='bbox 323 1975 358 2038; x_wconf 94' lang='lat' dir='ltr'>in</span> <span class='ocrx_word' id='word_1_131' title='bbox 385 1974 500 2038; x_wconf 87' lang='lat' dir='ltr'>Asiam</span> <span class='ocrx_word' id='word_1_132' title='bbox 527 1975 695 2055; x_wconf 87' lang='lat' dir='ltr'>scriberet,</span> <span class='ocrx_word' id='word_1_133' title='bbox 722 1972 820 2038; x_wconf 90' lang='lat' dir='ltr'>Darei</span> <span class='ocrx_word' id='word_1_134' title='bbox 848 1974 964 2038; x_wconf 89' lang='lat' dir='ltr'>anulus</span> <span class='ocrx_word' id='word_1_135' title='bbox 992 1974 1145 2058; x_wconf 87' lang='lat' dir='ltr'>inprime·</span> 
     </span>
     <span class='ocr_line' id='line_1_21' title="bbox 130 2060 1144 2144; baseline 0.003 -20"><span class='ocrx_word' id='word_1_136' title='bbox 130 2062 240 2124; x_wconf 87' lang='lat' dir='ltr'>batur:</span> <span class='ocrx_word' id='word_1_137' title='bbox 274 2097 313 2107; x_wconf 94' lang='lat'><em>-</em></span> <span class='ocrx_word' id='word_1_138' title='bbox 338 2064 376 2125; x_wconf 92' lang='lat' dir='ltr'>ut</span> <span class='ocrx_word' id='word_1_139' title='bbox 403 2060 572 2144; x_wconf 88' lang='lat' dir='ltr'>adpareret</span> <span class='ocrx_word' id='word_1_140' title='bbox 602 2083 702 2125; x_wconf 91' lang='lat' dir='ltr'>unum</span> <span class='ocrx_word' id='word_1_141' title='bbox 735 2062 878 2125; x_wconf 90' lang='lat' dir='ltr'>animum</span> <span class='ocrx_word' id='word_1_142' title='bbox 911 2062 1046 2126; x_wconf 91' lang='lat' dir='ltr'>duorum</span> <span class='ocrx_word' id='word_1_143' title='bbox 1076 2083 1144 2127; x_wconf 90' lang='lat' dir='ltr'>non</span> 
     </span>
     <span class='ocr_line' id='line_1_22' title="bbox 96 2147 1144 2233; baseline 0.003 -22"><span class='ocrx_word' id='word_1_144' title='bbox 96 2163 245 2231; x_wconf 75' lang='lat' dir='ltr'>rcapere</span> <span class='ocrx_word' id='word_1_145' title='bbox 267 2148 440 2213; x_wconf 85' lang='lat' dir='ltr'>fortunam.</span> <span class='ocrx_word' id='word_1_146' title='bbox 485 2147 618 2213; x_wconf 85' lang='lat' dir='ltr'>Amicos</span> <span class='ocrx_word' id='word_1_147' title='bbox 636 2170 712 2214; x_wconf 84' lang='lat' dir='ltr'>vero</span> <span class='ocrx_word' id='word_1_148' title='bbox 732 2153 765 2214; x_wconf 87' lang='lat' dir='ltr'>et</span> <span class='ocrx_word' id='word_1_149' title='bbox 787 2149 910 2233; x_wconf 90' lang='lat' dir='ltr'>equites</span> <span class='ocrx_word' id='word_1_150' title='bbox 932 2186 974 2198; x_wconf 91' lang='lat'>-</span> <span class='ocrx_word' id='word_1_151' title='bbox 997 2148 1033 2214; x_wconf 92' lang='lat' dir='ltr'>hi</span> <span class='ocrx_word' id='word_1_152' title='bbox 1055 2171 1144 2215; x_wconf 88' lang='lat' dir='ltr'>nam-</span> 
     </span>
     <span class='ocr_line' id='line_1_23' title="bbox 131 2235 1145 2322; baseline 0.003 -22"><span class='ocrx_word' id='word_1_153' title='bbox 131 2257 192 2320; x_wconf 92' lang='lat' dir='ltr'>que</span> <span class='ocrx_word' id='word_1_154' title='bbox 224 2235 385 2319; x_wconf 89' lang='lat' dir='ltr'>prinoipes</span> <span class='ocrx_word' id='word_1_155' title='bbox 417 2236 559 2301; x_wconf 91' lang='lat' dir='ltr'>militum</span> <span class='ocrx_word' id='word_1_156' title='bbox 591 2273 634 2284; x_wconf 90' lang='lat'><em>-</em></span> <span class='ocrx_word' id='word_1_157' title='bbox 667 2241 875 2320; x_wconf 82' lang='lat' dir='ltr'>aspamantes</span> <span class='ocrx_word' id='word_1_158' title='bbox 909 2237 1055 2322; x_wconf 91' lang='lat' dir='ltr'>quidem,</span> <span class='ocrx_word' id='word_1_159' title='bbox 1086 2239 1145 2303; x_wconf 89' lang='lat' dir='ltr'>sed</span> 
     </span>
     <span class='ocr_line' id='line_1_24' title="bbox 96 2324 1143 2406; baseline 0.001 -17"><span class='ocrx_word' id='word_1_160' title='bbox 96 2347 112 2396; x_wconf 82' lang='lat' dir='ltr'>s</span> <span class='ocrx_word' id='word_1_161' title='bbox 131 2345 279 2390; x_wconf 88' lang='lat' dir='ltr'>recusare</span> <span class='ocrx_word' id='word_1_162' title='bbox 301 2345 368 2390; x_wconf 92' lang='lat' dir='ltr'>non</span> <span class='ocrx_word' id='word_1_163' title='bbox 390 2347 486 2390; x_wconf 88' lang='lat' dir='ltr'>ausos</span> <span class='ocrx_word' id='word_1_164' title='bbox 508 2324 646 2390; x_wconf 88' lang='lat' dir='ltr'>Persicis</span> <span class='ocrx_word' id='word_1_165' title='bbox 670 2328 842 2391; x_wconf 90' lang='lat' dir='ltr'>ornaverat</span> <span class='ocrx_word' id='word_1_166' title='bbox 863 2327 1017 2406; x_wconf 83' lang='lat' dir='ltr'>vestibus.</span> <span class='ocrx_word' id='word_1_167' title='bbox 1056 2325 1143 2391; x_wconf 91' lang='lat' dir='ltr'>Peli-</span> 
     </span>
     <span class='ocr_line' id='line_1_25' title="bbox 131 2413 1143 2499; baseline 0.001 -21"><span class='ocrx_word' id='word_1_168' title='bbox 131 2435 184 2478; x_wconf 89' lang='lat' dir='ltr'>ces</span> <span class='ocrx_word' id='word_1_169' title='bbox 204 2429 268 2479; x_wconf 85' lang='lat' dir='ltr'>coc</span> <span class='ocrx_word' id='word_1_170' title='bbox 283 2415 316 2477; x_wconf 91' lang='lat' dir='ltr'>et</span> <span class='ocrx_word' id='word_1_171' title='bbox 329 2431 410 2493; x_wconf 75' lang='lat' dir='ltr'>axv,</span> <span class='ocrx_word' id='word_1_172' title='bbox 428 2413 565 2479; x_wconf 88' lang='lat' dir='ltr'>totidem</span> <span class='ocrx_word' id='word_1_173' title='bbox 584 2417 664 2497; x_wconf 93' lang='lat' dir='ltr'>quot</span> <span class='ocrx_word' id='word_1_174' title='bbox 682 2413 780 2479; x_wconf 92' lang='lat' dir='ltr'>Darei</span> <span class='ocrx_word' id='word_1_175' title='bbox 797 2415 937 2498; x_wconf 88' lang='lat' dir='ltr'>fuerant,</span> <span class='ocrx_word' id='word_1_176' title='bbox 953 2414 1077 2499; x_wconf 88' lang='lat' dir='ltr'>regiam</span> <span class='ocrx_word' id='word_1_177' title='bbox 1094 2415 1143 2479; x_wconf 93' lang='lat' dir='ltr'>in·</span> 
     </span>
     <span class='ocr_line' id='line_1_26' title="bbox 131 2502 1143 2587; baseline -0.001 -20"><span class='ocrx_word' id='word_1_178' title='bbox 131 2503 276 2586; x_wconf 85' lang='lat' dir='ltr'>plebant,</span> <span class='ocrx_word' id='word_1_179' title='bbox 299 2524 379 2587; x_wconf 92' lang='lat' dir='ltr'>quas</span> <span class='ocrx_word' id='word_1_180' title='bbox 403 2503 583 2585; x_wconf 91' lang='lat' dir='ltr'>spadonum</span> <span class='ocrx_word' id='word_1_181' title='bbox 604 2521 729 2585; x_wconf 87' lang='lat' dir='ltr'>greges,</span> <span class='ocrx_word' id='word_1_182' title='bbox 752 2506 786 2567; x_wconf 89' lang='lat' dir='ltr'>et</span> <span class='ocrx_word' id='word_1_183' title='bbox 803 2502 866 2587; x_wconf 91' lang='lat' dir='ltr'>ipsi</span> <span class='ocrx_word' id='word_1_184' title='bbox 884 2502 1055 2567; x_wconf 89' lang='lat' dir='ltr'>muliebria</span> <span class='ocrx_word' id='word_1_185' title='bbox 1072 2503 1143 2586; x_wconf 85' lang='lat' dir='ltr'>pati</span> 
     </span>
     <span class='ocr_line' id='line_1_27' title="bbox 96 2589 1194 2675; baseline 0.005 -20"><span class='ocrx_word' id='word_1_186' title='bbox 96 2591 265 2674; x_wconf 81' lang='lat' dir='ltr'>oadsueti,</span> <span class='ocrx_word' id='word_1_187' title='bbox 290 2592 515 2675; x_wconf 89' lang='lat' dir='ltr'>sequebantur.</span> <span class='ocrx_word' id='word_1_188' title='bbox 559 2589 649 2654; x_wconf 90' lang='lat' dir='ltr'>Haec</span> <span class='ocrx_word' id='word_1_189' title='bbox 670 2591 747 2655; x_wconf 83' lang='lat' dir='ltr'>luxu</span> <span class='ocrx_word' id='word_1_190' title='bbox 769 2594 803 2654; x_wconf 90' lang='lat' dir='ltr'>et</span> <span class='ocrx_word' id='word_1_191' title='bbox 825 2590 1004 2674; x_wconf 87' lang='lat' dir='ltr'>peregrinis</span> <span class='ocrx_word' id='word_1_192' title='bbox 1021 2589 1144 2656; x_wconf 89' lang='lat' dir='ltr'>infecta</span> <span class='ocrx_word' id='word_1_193' title='bbox 1153 2595 1194 2660; x_wconf 83' lang='lat'>21</span> 
     </span>
     <span class='ocr_line' id='line_1_28' title="bbox 131 2678 1141 2763; baseline -0.002 -20"><span class='ocrx_word' id='word_1_194' title='bbox 131 2680 276 2744; x_wconf 92' lang='lat' dir='ltr'>moribus</span> <span class='ocrx_word' id='word_1_195' title='bbox 299 2684 423 2744; x_wconf 83' lang='lat' dir='ltr'>veteres</span> <span class='ocrx_word' id='word_1_196' title='bbox 441 2678 586 2763; x_wconf 91' lang='lat' dir='ltr'>Philippi</span> <span class='ocrx_word' id='word_1_197' title='bbox 603 2678 733 2762; x_wconf 92' lang='lat' dir='ltr'>milites,</span> <span class='ocrx_word' id='word_1_198' title='bbox 755 2678 845 2743; x_wconf 89' lang='lat' dir='ltr'>rudis</span> <span class='ocrx_word' id='word_1_199' title='bbox 863 2679 953 2743; x_wconf 79' lang='lat' dir='ltr'>natIo</span> <span class='ocrx_word' id='word_1_200' title='bbox 972 2678 1013 2742; x_wconf 89' lang='lat' dir='ltr'>ad</span> <span class='ocrx_word' id='word_1_201' title='bbox 1031 2679 1141 2762; x_wconf 82' lang='lat' dir='ltr'>volup·</span> 
     </span>
     <span class='ocr_line' id='line_1_29' title="bbox 130 2766 1142 2850; baseline 0 -20"><span class='ocrx_word' id='word_1_202' title='bbox 130 2770 230 2850; x_wconf 89' lang='lat' dir='ltr'>tates,</span> <span class='ocrx_word' id='word_1_203' title='bbox 259 2767 367 2848; x_wconf 88' lang='lat' dir='ltr'>palam</span> <span class='ocrx_word' id='word_1_204' title='bbox 395 2768 627 2832; x_wconf 87' lang='lat' dir='ltr'>aversabantur</span> <span class='ocrx_word' id='word_1_205' title='bbox 653 2767 797 2850; x_wconf 87' lang='lat' dir='ltr'>totisque</span> <span class='ocrx_word' id='word_1_206' title='bbox 826 2766 940 2831; x_wconf 89' lang='lat' dir='ltr'>castris</span> <span class='ocrx_word' id='word_1_207' title='bbox 966 2788 1046 2831; x_wconf 85' lang='lat' dir='ltr'>unus</span> <span class='ocrx_word' id='word_1_208' title='bbox 1074 2787 1142 2831; x_wconf 90' lang='lat' dir='ltr'>om·</span> 
     </span>
     <span class='ocr_line' id='line_1_30' title="bbox 131 2853 1143 2938; baseline 0.002 -22"><span class='ocrx_word' id='word_1_209' title='bbox 131 2854 219 2917; x_wconf 89' lang='lat' dir='ltr'>nium</span> <span class='ocrx_word' id='word_1_210' title='bbox 252 2875 364 2918; x_wconf 88' lang='lat' dir='ltr'>sensus</span> <span class='ocrx_word' id='word_1_211' title='bbox 395 2875 433 2919; x_wconf 90' lang='lat' dir='ltr'>ac</span> <span class='ocrx_word' id='word_1_212' title='bbox 464 2877 568 2920; x_wconf 88' lang='lat' dir='ltr'>sermo</span> <span class='ocrx_word' id='word_1_213' title='bbox 599 2858 681 2938; x_wconf 90' lang='lat' dir='ltr'>erat,</span> <span class='ocrx_word' id='word_1_214' title='bbox 713 2856 786 2937; x_wconf 92' lang='lat' dir='ltr'>plus</span> <span class='ocrx_word' id='word_1_215' title='bbox 816 2855 972 2920; x_wconf 88' lang='lat' dir='ltr'>amissum</span> <span class='ocrx_word' id='word_1_216' title='bbox 998 2853 1143 2937; x_wconf 83' lang='lat' dir='ltr'>victoria,</span> 
     </span>
     <span class='ocr_line' id='line_1_31' title="bbox 79 2941 1143 3024; baseline -0.001 -18"><span class='ocrx_word' id='word_1_217' title='bbox 79 2959 113 3006; x_wconf 88' lang='lat'>10</span> <span class='ocrx_word' id='word_1_218' title='bbox 133 2962 230 3024; x_wconf 88' lang='lat' dir='ltr'>quam</span> <span class='ocrx_word' id='word_1_219' title='bbox 257 2941 344 3005; x_wconf 90' lang='lat' dir='ltr'>bello</span> <span class='ocrx_word' id='word_1_220' title='bbox 373 2962 442 3005; x_wconf 88' lang='lat' dir='ltr'>esse</span> <span class='ocrx_word' id='word_1_221' title='bbox 470 2943 664 3024; x_wconf 87' lang='lat' dir='ltr'>quaesitum:</span> <span class='ocrx_word' id='word_1_222' title='bbox 697 2948 763 3007; x_wconf 81' lang='lat' dir='ltr'>tum</span> <span class='ocrx_word' id='word_1_223' title='bbox 790 2964 862 3007; x_wconf 91' lang='lat' dir='ltr'>cum</span> <span class='ocrx_word' id='word_1_224' title='bbox 890 2943 1029 3008; x_wconf 83' lang='lat' dir='ltr'>maxime</span> <span class='ocrx_word' id='word_1_225' title='bbox 1056 2942 1143 3006; x_wconf 83' lang='lat' dir='ltr'>vinci</span> 
     </span>
     <span class='ocr_line' id='line_1_32' title="bbox 131 3028 1144 3112; baseline 0.002 -20"><span class='ocrx_word' id='word_1_226' title='bbox 131 3031 220 3112; x_wconf 89' lang='lat' dir='ltr'>ipsos</span> <span class='ocrx_word' id='word_1_227' title='bbox 249 3028 384 3112; x_wconf 89' lang='lat' dir='ltr'>dedique</span> <span class='ocrx_word' id='word_1_228' title='bbox 412 3029 525 3093; x_wconf 84' lang='lat' dir='ltr'>alienis</span> <span class='ocrx_word' id='word_1_229' title='bbox 552 3031 696 3095; x_wconf 89' lang='lat' dir='ltr'>moribus</span> <span class='ocrx_word' id='word_1_230' title='bbox 723 3035 757 3095; x_wconf 92' lang='lat' dir='ltr'>et</span> <span class='ocrx_word' id='word_1_231' title='bbox 784 3031 934 3096; x_wconf 84' lang='lat' dir='ltr'>externis.</span> <span class='ocrx_word' id='word_1_232' title='bbox 979 3028 1049 3106; x_wconf 78' lang='lat' dir='ltr'>Quo</span> <span class='ocrx_word' id='word_1_233' title='bbox 1071 3031 1144 3094; x_wconf 85' lang='lat' dir='ltr'>tan·</span> 
     </span>
     <span class='ocr_line' id='line_1_33' title="bbox 132 3117 1142 3202; baseline 0.001 -21"><span class='ocrx_word' id='word_1_234' title='bbox 132 3117 204 3182; x_wconf 89' lang='lat' dir='ltr'>dem</span> <span class='ocrx_word' id='word_1_235' title='bbox 234 3138 289 3182; x_wconf 89' lang='lat' dir='ltr'>ore</span> <span class='ocrx_word' id='word_1_236' title='bbox 317 3117 429 3181; x_wconf 89' lang='lat' dir='ltr'>domos</span> <span class='ocrx_word' id='word_1_237' title='bbox 457 3117 550 3200; x_wconf 87' lang='lat' dir='ltr'>quasi</span> <span class='ocrx_word' id='word_1_238' title='bbox 576 3117 610 3182; x_wconf 92' lang='lat' dir='ltr'>in</span> <span class='ocrx_word' id='word_1_239' title='bbox 639 3119 766 3202; x_wconf 84' lang='lat' dir='ltr'>captivo</span> <span class='ocrx_word' id='word_1_240' title='bbox 794 3118 908 3184; x_wconf 90' lang='lat' dir='ltr'>habitu</span> <span class='ocrx_word' id='word_1_241' title='bbox 934 3117 1142 3183; x_wconf 81' lang='lat' dir='ltr'>reversuros?</span> 
     </span>
     <span class='ocr_line' id='line_1_34' title="bbox 131 3203 1141 3290; baseline 0 -21"><span class='ocrx_word' id='word_1_242' title='bbox 131 3205 256 3270; x_wconf 84' lang='lat' dir='ltr'>Pudere</span> <span class='ocrx_word' id='word_1_243' title='bbox 279 3207 346 3270; x_wconf 89' lang='lat' dir='ltr'>iam</span> <span class='ocrx_word' id='word_1_244' title='bbox 369 3205 428 3270; x_wconf 92' lang='lat' dir='ltr'>sui.</span> <span class='ocrx_word' id='word_1_245' title='bbox 473 3203 595 3290; x_wconf 87' lang='lat' dir='ltr'>Regem</span> <span class='ocrx_word' id='word_1_246' title='bbox 618 3207 713 3272; x_wconf 84' lang='lat' dir='ltr'>victis</span> <span class='ocrx_word' id='word_1_247' title='bbox 732 3229 828 3290; x_wconf 90' lang='lat' dir='ltr'>quam</span> <span class='ocrx_word' id='word_1_248' title='bbox 846 3207 1021 3274; x_wconf 88' lang='lat' dir='ltr'>victoribus</span> <span class='ocrx_word' id='word_1_249' title='bbox 1041 3205 1141 3271; x_wconf 90' lang='lat' dir='ltr'>simil·</span> 
     </span>
     <span class='ocr_line' id='line_1_35' title="bbox 132 3293 1145 3379; baseline 0.006 -24"><span class='ocrx_word' id='word_1_250' title='bbox 132 3293 232 3357; x_wconf 89' lang='lat' dir='ltr'>iorem</span> <span class='ocrx_word' id='word_1_251' title='bbox 247 3315 285 3358; x_wconf 84' lang='lat' dir='ltr'>ex</span> <span class='ocrx_word' id='word_1_252' title='bbox 299 3293 506 3360; x_wconf 87' lang='lat' dir='ltr'>Macedoniae</span> <span class='ocrx_word' id='word_1_253' title='bbox 524 3295 719 3379; x_wconf 88' lang='lat' dir='ltr'>imperatore</span> <span class='ocrx_word' id='word_1_254' title='bbox 732 3295 832 3360; x_wconf 92' lang='lat' dir='ltr'>Darei</span> <span class='ocrx_word' id='word_1_255' title='bbox 846 3299 999 3379; x_wconf 89' lang='lat' dir='ltr'>satrapen</span> <span class='ocrx_word' id='word_1_256' title='bbox 1011 3295 1145 3361; x_wconf 84' lang='lat' dir='ltr'>factum</span> 
     </span>
     <span class='ocr_line' id='line_1_36' title="bbox 80 3379 1144 3468; baseline 0.004 -26"><span class='ocrx_word' id='word_1_257' title='bbox 80 3396 113 3443; x_wconf 81' lang='lat'>11</span> <span class='ocrx_word' id='word_1_258' title='bbox 133 3379 192 3443; x_wconf 89' lang='lat' dir='ltr'>Illa</span> <span class='ocrx_word' id='word_1_259' title='bbox 214 3403 280 3446; x_wconf 91' lang='lat' dir='ltr'>non</span> <span class='ocrx_word' id='word_1_260' title='bbox 302 3382 449 3468; x_wconf 83' lang='lat' dir='ltr'>ignarus,</span> <span class='ocrx_word' id='word_1_261' title='bbox 471 3386 505 3448; x_wconf 90' lang='lat' dir='ltr'>et</span> <span class='ocrx_word' id='word_1_262' title='bbox 526 3383 688 3467; x_wconf 90' lang='lat' dir='ltr'>principes</span> <span class='ocrx_word' id='word_1_263' title='bbox 711 3384 888 3448; x_wconf 89' lang='lat' dir='ltr'>amicorum</span> <span class='ocrx_word' id='word_1_264' title='bbox 912 3387 945 3447; x_wconf 91' lang='lat' dir='ltr'>et</span> <span class='ocrx_word' id='word_1_265' title='bbox 967 3383 1144 3450; x_wconf 85' lang='lat' dir='ltr'>exercitum</span> 
     </span>
     <span class='ocr_line' id='line_1_37' title="bbox 132 3469 1143 3556; baseline 0.005 -25"><span class='ocrx_word' id='word_1_266' title='bbox 132 3470 275 3552; x_wconf 87' lang='lat' dir='ltr'>graviter</span> <span class='ocrx_word' id='word_1_267' title='bbox 295 3471 420 3555; x_wconf 83' lang='lat' dir='ltr'>offendi,</span> <span class='ocrx_word' id='word_1_268' title='bbox 443 3473 583 3556; x_wconf 85' lang='lat' dir='ltr'>gratiam</span> <span class='ocrx_word' id='word_1_269' title='bbox 602 3469 798 3535; x_wconf 88' lang='lat' dir='ltr'>liberalitate</span> <span class='ocrx_word' id='word_1_270' title='bbox 819 3471 974 3556; x_wconf 92' lang='lat' dir='ltr'>donisque</span> <span class='ocrx_word' id='word_1_271' title='bbox 992 3493 1143 3555; x_wconf 88' lang='lat' dir='ltr'>reparare</span> 
     </span>
     <span class='ocr_line' id='line_1_38' title="bbox 132 3556 1144 3646; baseline 0.004 -26"><span class='ocrx_word' id='word_1_272' title='bbox 132 3559 325 3642; x_wconf 88' lang='lat' dir='ltr'>temptabat.</span> <span class='ocrx_word' id='word_1_273' title='bbox 371 3556 446 3645; x_wconf 79' lang='lat' dir='ltr'>sed,</span> <span class='ocrx_word' id='word_1_274' title='bbox 469 3560 592 3646; x_wconf 91' lang='lat' dir='ltr'>opinor,</span> <span class='ocrx_word' id='word_1_275' title='bbox 614 3559 726 3624; x_wconf 90' lang='lat' dir='ltr'>liberis</span> <span class='ocrx_word' id='word_1_276' title='bbox 748 3559 890 3644; x_wconf 89' lang='lat' dir='ltr'>pretium</span> <span class='ocrx_word' id='word_1_277' title='bbox 914 3558 1081 3626; x_wconf 84' lang='lat' dir='ltr'>servitutis</span> <span class='ocrx_word' id='word_1_278' title='bbox 1095 3559 1144 3624; x_wconf 92' lang='lat' dir='ltr'>in-</span> 
     </span>
    </p>
   </div>
   <div class='ocr_carea' id='block_1_5' title="bbox 0 0 1216 3892">
    <p class='ocr_par' dir='ltr' id='par_1_7' title="bbox 0 0 1216 3892">
     <span class='ocr_line' id='line_1_39' title="bbox 0 0 1216 3892; baseline 0 0"><span class='ocrx_word' id='word_1_279' title='bbox 0 0 1216 3892; x_wconf 95' lang='lat' dir='ltr'> </span> 
     </span>
    </p>
   </div>
  </div>
 </body>
</html>
