2422 3892
140 141 206 207 252
515 140 546 207 Q.
566 139 677 197 cunm
693 141 780 196 RUFI

140 289 245 372 erant,
276 287 415 372 undique
447 285 488 351 ad
518 308 618 351 naves
651 284 769 369 trepidi
802 289 835 349 et
866 283 1032 368 inproviso
1064 285 1153 351 malo

87 388 121 437 12
140 376 273 442 attoniti
298 378 475 441 recurrunt
521 372 584 440 Sed
610 374 645 438 in
666 373 809 438 tumultu
831 371 998 438 festinatio
1022 395 1154 458 quoque

139 464 235 529 tarda
255 467 314 529 est.
349 462 395 527 Hi
413 463 517 528 contis
536 461 667 547 navigia
684 461 857 546 pellebant,
879 461 924 544 hi,
947 461 1023 525 dum
1042 483 1153 528 remos

88 563 121 612 1³
141 552 247 638 aptari
270 551 467 635 probabant,
489 550 713 616 consederant:
736 549 865 634 quidam
887 549 1059 634 enavigare
1078 573 1152 634 pro·

68 689 72 697 ·
139 644 290 726 perantes
309 639 392 720 [sed]
411 661 477 704 non
495 639 685 723 expectatis,
705 640 759 724 qui
777 639 873 703 simul
893 659 962 702 esse
979 637 1153 723 debebant,

140 729 253 794 clauda
271 731 304 793 et
320 727 480 792 inhabilia
497 727 629 811 navigia
646 726 799 812 languide
813 726 1047 792 moliebantur:
1066 727 1152 792 aliae

138 818 270 881 navium
297 815 480 882 inconsulte
507 819 635 881 ruentes
660 838 727 880 non
748 818 936 899 receperant
964 814 1153 901 pariterque

88 915 121 963 14
140 910 173 970 et
195 904 370 968 multitudo
394 908 428 968 et
448 905 596 988 paucitas
622 903 814 969 festinantes
836 903 1034 969 morabatur.
1078 901 1153 969 Ola-

139 1014 211 1058 mor
236 993 314 1057 hine
340 997 522 1078 expectare,
551 993 627 1057 hinc
653 992 701 1058 ire
729 992 909 1057 iubentium
938 991 1151 1076 dissonaeque

138 1102 233 1147 voces
256 1103 417 1165 nusquam
437 1081 522 1146 idem
541 1084 637 1167 atque
655 1103 754 1146 unum
772 1079 973 1146 tendentium
990 1100 1058 1144 non
1076 1101 1151 1145 ocu·

87 1180 120 1229 15
139 1169 246 1235 lorum
269 1170 365 1235 modo
384 1185 489 1254 usum,
511 1169 567 1235 sed
586 1169 685 1234 etiam
704 1169 830 1235 aurium
849 1167 1063 1234 abstulerant.
1100 1166 1151 1234 Ne

138 1259 173 1323 in
200 1258 473 1344 gubernatoribus
500 1258 631 1342 quidem
658 1257 829 1342 quicquam
857 1257 928 1340 opis
958 1260 1041 1338 erat,
1071 1277 1150 1340 quo·

137 1368 209 1411 rum
240 1368 300 1412 nec
332 1346 475 1411 exaudiri
501 1368 565 1411 vox
588 1369 608 1410 a
630 1345 902 1417 tumultuantibus
934 1346 1064 1428 poterat
1089 1366 1151 1410 nec

86 1446 119 1493 16
138 1434 309 1518 imperium
326 1457 347 1498 a
364 1434 486 1498 territis
505 1433 783 1517 inconpositisque
802 1432 932 1497 servari.
967 1432 1057 1517 Ergo
1076 1453 1150 1497 con·

138 1520 196 1584 lidi
218 1521 303 1585 inter
325 1542 361 1585 se
383 1541 482 1585 naves
505 1520 749 1606 abstergerique
770 1520 910 1584 invicem
932 1520 1013 1585 remi
1037 1524 1071 1584 et
1092 1521 1150 1584 alii

138 1608 277 1673 aliorum
295 1608 427 1692 navigia
444 1628 562 1692 urgere
580 1611 762 1692 coeperunt
799 1605 951 1684 Crederes
969 1629 1036 1673 non
1053 1608 1151 1674 unius

138 1697 296 1761 exercitus
318 1697 455 1762 classem
473 1696 558 1778 vehi,
580 1695 634 1762 sed
654 1696 791 1762 du'orum
808 1696 923 1761 navale
941 1695 1060 1760 initum
1079 1718 1150 1762 esse

87 1797 118 1845 ιτ
138 1789 308 1851 certamen.
340 1784 585 1850 Incutiebantur
600 1786 763 1869 puppibus
777 1805 901 1868 prorae,
918 1783 1151 1867 premebantur

86 1917 91 1926 ·
137 1873 398 1957 asequentibus,
426 1873 481 1955 qui
509 1873 733 1937 antecedentes
760 1873 983 1937 turbaverant:
1015 1871 1148 1956 iurgan-

85 1973 119 2022 18
137 1961 219 2025 tium
241 1961 292 2025 ira
314 1960 523 2043 perveniebat
545 1961 644 2024 etiam
667 1959 708 2024 ad
730 1961 857 2024 manus?
886 1958 1020 2044 Iamque
1039 1958 1196 2027 aestuabit

136 2051 224 2112 totos
253 2046 338 2111 circa
363 2046 484 2111 flumen
510 2068 640 2130 campos
663 2047 876 2113 inundaverat
898 2048 1033 2112 tumulis
1058 2049 1149 2114 dum·

135 2137 229 2199 texat
246 2134 464 2198 eminentibus
482 2134 571 2199 velut
588 2134 702 2200 insulis
720 2136 840 2219 parvis,
857 2136 892 2199 in
906 2158 986 2220 quos
1000 2135 1148 2222 plerique

85 2235 117 2284 19
137 2221 255 2306 trepidi
287 2221 416 2286 omissis
448 2221 589 2307 navigiis
622 2244 717 2288 enare
750 2227 939 2307 properant.
992 2223 1149 2308 Dispersa

137 2311 251 2378 classis
282 2310 402 2394 partim
433 2310 469 2375 in
499 2311 644 2394 praealta
675 2332 759 2395 aqua
788 2312 912 2391 stabat,
944 2333 1008 2396 qua
1038 2313 1148 2379 subae-

9 2441 12 2446 -
136 2400 251 2465 derant
282 2399 398 2482 valles,
433 2399 554 2482 partim
585 2400 621 2464 in
651 2399 734 2464 vado
769 2399 939 2484 haerebat,
974 2403 1147 2486 utcumque

112 2488 306 2573 ‘inaequale
337 2491 444 2552 terrae
471 2486 640 2572 fastigium
667 2491 901 2570 occupaverant
922 2488 1041 2553 undae:
1073 2510 1148 2555 cum

83 2587 117 2637 20
136 2577 245 2642 subito
268 2598 372 2641 novus
396 2580 429 2641 et
450 2576 587 2659 pristino
610 2575 714 2640 maior
731 2580 837 2640 terror
854 2577 1019 2643 incutitur.
1054 2576 1147 2643 Reci-

135 2665 263 2748 procari
299 2665 407 2747 coepit
441 2685 531 2729 mare
567 2684 686 2748 magno
723 2667 831 2729 tractu
862 2665 954 2749 aquis
985 2667 1021 2730 in
1051 2687 1147 2730 suum

135 2754 254 2816 fretum
285 2752 524 2818 recurrentibus
555 2752 773 2836 reddebatque
804 2756 908 2818 terras
939 2753 1037 2836 paulo
1070 2758 1147 2819 ante

134 2839 295 2923 profundo
327 2840 397 2904 salo
429 2861 561 2905 mersas.
607 2839 713 2926 Igitur
739 2840 896 2906 destituta
920 2841 1054 2925 navigia
1080 2842 1147 2907 alia

157 2925 388 3008 raecipitantur
420 2927 455 2991 in
479 2950 606 3010 proras,
638 2929 703 2993 alia
728 2928 764 2992 in
789 2929 894 2993 latera
920 2929 1148 3012 procumbunt.

134 2949 238 3080 duaci
265 3018 358 3077 erant
389 3016 495 3099 campi
522 3016 670 3101 sarcinis,
702 3017 813 3098 armis,
845 3016 1028 3083 avulsarum
1051 3017 1146 3082 tabu·

31 3141 34 3148 ι
82 3115 115 3164 21
135 3104 242 3168 larum
273 3123 497 3186 remorumque
528 3103 727 3188 fragmentis.
767 3103 861 3169 Miles
888 3126 947 3170 nec
975 3105 1085 3189 egredi
1111 3107 1146 3170 in

134 3194 254 3256 terram
272 3213 333 3256 nec
350 3190 384 3255 in
401 3212 483 3256 nave
503 3191 678 3257 subsistere
696 3193 845 3276 audebat,
862 3193 1036 3257 identidem
1052 3215 1145 3277 prae·

9 3350 13 3357 ¹
134 3279 281 3343 sentibus
309 3279 472 3364 graviora,
500 3301 580 3364 quae
604 3285 826 3364 sequerentur,
852 3285 1032 3364 expectans.
1069 3280 1146 3366 Vix,

130 3387 216 3450 quae
234 3369 516 3451 perpetiebantur,
542 3367 650 3433 videre
676 3368 764 3450 ipsos
788 3368 972 3453 credebant,
999 3369 1034 3434 in
1056 3370 1144 3435 sicco

53 3453 305 3543 arnaanagra,
328 3456 365 3524 in
390 3457 484 3526 amni
506 3479 606 3526 mare.
639 3453 712 3522 Nec
732 3456 810 3520 imis
828 3457 1005 3520 malorum.
1023 3458 1146 3538 quippe

91 3547 233 3613 aestum
257 3549 365 3631 paulo
393 3555 477 3638 post
500 3572 597 3619 mare
620 3547 819 3628 relaturum,
840 3565 905 3628 quo
924 3540 1063 3620 nauigia
1074 3542 1162 3602 aba·
