2422 3892
281 163 533 219 macoranauu
551 141 765 220 scamnum
783 164 821 232 v,
841 171 867 220 s.
1035 165 1077 228 97
1143 216 1147 226 ,

70 309 331 374 aestimabantur.
375 305 575 372 Lacerabant
596 308 700 393 regias
723 310 844 388 vestes,
875 306 916 371 ad
929 269 972 372 ¹so
995 308 1113 392 quis-5

71 418 131 480 que
162 399 288 479 partem
318 395 497 459 trahentes:
534 396 675 460 dolabris
705 395 864 479 pretiosae
894 396 973 460 artis
1000 418 1079 461 vasa

70 483 258 548 caedebant:
290 483 372 546 nihil
394 503 498 566 neque
519 483 678 548 intactum
699 486 770 547 erat
791 504 894 567 neque
915 484 1078 568 integrum

71 571 245 636 ferebatur:
278 570 415 654 abrupta
438 571 680 636 simulacrorum
701 571 859 655 membra,
886 573 1078 655 utquisque

72 659 234 742 avellerat,
260 658 417 723 trahebat
461 656 573 742 Neque
597 658 732 723 avaritia
754 660 872 741 solum,
902 659 958 723 sed
982 661 1113 729 etiams

72 746 241 810 crudelitas
263 747 298 809 in
321 749 416 829 capta
435 745 514 809 urbe
533 748 680 830 grassata
699 748 761 811 est:
785 768 863 811 auro
882 751 1078 832 argentoque

73 834 180 898 onusti
199 834 275 898 vilia
294 834 492 917 captivorum
510 854 645 916 corpora
660 833 872 917 trucidabant,
894 835 1077 918 passimque

72 921 158 985 obvii
185 921 412 1003 caedebantur,
445 942 524 1004 quos
552 924 627 985 ante
655 921 794 1003 pretium
816 922 866 986 sui
887 922 1078 989 miserabilis

70 1008 199 1089 fecerat.
244 1008 340 1072 Multi
362 1028 438 1092 ergo
462 1008 603 1073 hostium
626 1029 741 1072 manus
768 1009 950 1075 voluntaria
976 1014 1078 1076 morte
1098 1030 1112 1077 s

71 1097 323 1178 occupaverunt,
357 1095 589 1178 pretiosissima
620 1095 756 1159 vestium
792 1096 897 1160 induti
929 1118 947 1161 a
978 1098 1078 1162 muris

71 1182 261 1265 semetipsos
289 1202 362 1245 oum
389 1182 579 1266 coniugibus
607 1203 644 1246 ac
671 1183 779 1247 liberis
802 1183 837 1247 in
859 1204 1011 1266 praeceps
1034 1186 1078 1249 ia-

71 1269 201 1332 cientes.
230 1267 371 1344 >Quidam
388 1269 490 1353 ignes,
509 1270 593 1352 quod
611 1271 708 1352 paulo
725 1271 803 1352 post
819 1270 963 1334 facturus
977 1272 1079 1336 hostis

70 1355 251 1439 ridebatur,
281 1356 484 1421 subiecerant
510 1357 654 1441 aedibus,
683 1360 721 1421 ut
743 1379 815 1422 oum
838 1358 905 1422 auis
928 1359 992 1422 rivi
1014 1379 1079 1422 cro·
1177 1435 1183 1441 ⁸

71 1447 243 1508 murentur.
276 1443 420 1509 Tandem
443 1466 517 1509 suos
540 1467 596 1508 rex
619 1445 805 1528 corporibus
829 1448 862 1509 et
883 1446 971 1510 cultu
989 1446 1113 1518 femi-,8

71 1552 185 1596 narum
208 1532 368 1596 abstinere
391 1531 493 1597 iussit.
532 1530 651 1616 Ingens
674 1533 818 1616 captivae
840 1535 994 1616 pecuniae
1013 1555 1079 1600 mo·
1178 1606 1184 1616 ,

71 1619 130 1682 dus
152 1619 298 1702 traditur,
320 1641 419 1702 prope
439 1622 477 1684 ut
495 1620 592 1684 fidem
614 1620 754 1684 excedat.
799 1618 947 1686 Ceterum
966 1625 1023 1686 aut
1040 1621 1079 1685 de
1098 1641 1113 1688 9

72 1707 143 1769 aliis
167 1727 291 1789 quoque
314 1706 531 1771 dubitabimus
554 1711 611 1771 aut
632 1708 796 1772 credemus
818 1709 853 1771 in
875 1708 970 1772 huius
991 1709 1079 1773 urbis

72 1813 151 1876 gaza
172 1793 272 1857 fuisse
296 1810 316 1858 c
338 1796 372 1857 et
393 1811 440 1856 xx
460 1795 550 1858 milia
571 1793 743 1859 talentum:
767 1795 806 1859 ad
830 1817 912 1878 quac
935 1795 1080 1859 vehenda

72 1917 114 1926 -
138 1901 275 1964 namque
298 1880 338 1944 ad
361 1902 439 1945 usus
461 1881 538 1944 belli
560 1902 667 1945 secum
688 1884 817 1965 portare
840 1882 1023 1946 decreverat
1036 1919 1079 1928 -

71 1968 215 2032 iumenta
237 1971 270 2032 et
291 1969 429 2033 camelos
453 1971 485 2032 et
507 1990 526 2032 a
545 1966 633 2033 Susis
656 1972 689 2033 et
707 1991 726 2033 a
744 1968 912 2052 Babylone
931 1970 1079 2034 contrahi

71 2056 172 2120 iussit.
216 2054 387 2120 Accessere
420 2056 460 2120 ad
490 2056 575 2120 hanc
606 2057 759 2139 pecuniae
789 2079 946 2122 summam
976 2059 1077 2140 captis
1099 2077 1130 2123 10

70 2142 261 2228 Parsagadis
296 2165 351 2208 sex
388 2144 477 2208 milia
511 2144 677 2210 talentum.
732 2142 835 2228 Cyrus
869 2142 1077 2231 [Parsagada]

71 2230 184 2294 urbem
215 2231 416 2296 condiderat:
453 2252 550 2314 quarn
580 2229 763 2297 Alexandro
798 2233 978 2316 praefectus
1010 2233 1078 2297 eius

73 2316 217 2383 Gobares
239 2318 379 2383 tradidit.

21 2404 60 2467 21
159 2405 229 2470 Rex
256 2427 361 2470 arcem
383 2406 563 2489 Persepolis
590 2406 692 2470 tribus
715 2407 844 2471 milibus
866 2405 1078 2469 Macedonum
1099 2424 1130 2472 11

71 2494 229 2576 praesidio
252 2494 371 2558 relictis
389 2493 603 2558 Nicarchiden
627 2493 711 2556 tueri
729 2493 851 2556 iubete
868 2506 917 2545 *r
944 2491 1079 2554 Tiridati

72 2602 205 2664 quoque,
224 2581 278 2662 qui
297 2601 409 2664 gazam
426 2581 610 2662 tradiderat,
629 2581 772 2643 servatus
791 2582 840 2641 est
852 2577 966 2660 honos,
985 2599 1079 2660 quem

73 2668 158 2749 apud
180 2666 320 2729 Dareum
342 2667 512 2731 habuerat:
540 2685 720 2750 magnaque
747 2664 904 2728 exercitus
931 2668 1023 2746 parte
1047 2668 1080 2729 ct

72 2753 299 2834 inpedimentis
318 2753 365 2815 ibi
381 2754 501 2817 relictis
514 2752 728 2816 Parmeniona
742 2749 971 2834 Craterumque
988 2774 1078 2834 prae-

72 2839 157 2902 fecit.
201 2838 275 2921 Ipse
304 2860 376 2902 oum
403 2841 489 2903 mille
518 2840 678 2923 equitibus
705 2839 910 2923 peditumque
933 2839 1130 2922 expeditam
1198 2847 1206 2863 “

73 2948 170 2990 manu
197 2926 381 2991 interiorem
403 2925 542 2990 Persidis
565 2927 728 3011 regionem
755 2927 815 2992 sub
838 2928 941 3010 ipsum
964 2926 1078 3012 Vergi-

71 3016 186 3079 liarum
216 3015 304 3078 sidus
332 3015 425 3097 petiit
446 3016 617 3098 multisque
640 3015 795 3095 imbribus
819 3017 852 3078 et
873 3036 972 3098 prope
994 3015 1077 3080 into-

71 3103 195 3167 lerabili
221 3105 412 3185 tempestate
439 3107 571 3168 vexatus
597 3102 767 3186 procedere
789 3105 913 3180 tamen,
944 3123 1006 3186 quo
1030 3104 1077 3165 in·
1199 3170 1203 3176 ,

71 3190 226 3268 tenderat,
247 3191 474 3272 perseveravit.
513 3189 654 3255 Ventum
678 3193 747 3254 erat
770 3192 811 3254 ad
832 3191 894 3254 iter
915 3190 1077 3273 perpetuis
1098 3210 1130 3258 13

72 3277 211 3342 obsitum
242 3279 384 3362 nivibus,
416 3300 495 3362 quas
522 3278 652 3362 frigoris
680 3279 728 3342 vis
756 3279 830 3362 gelu
857 3277 1078 3360 adstrinxerat,

10 3434 13 3440 ,
65 3365 276 3448 ,locorumque
313 3366 443 3450 squalor
479 3369 512 3430 et
547 3365 735 3430 solitudines
769 3365 873 3429 inviae
905 3365 1078 3450 fatigatum

72 3451 206 3515 militem
228 3454 407 3535 terrebant,
435 3455 649 3518 humanarum
670 3474 777 3517 rerum
798 3452 1015 3518 terminasse
1033 3452 1083 3511 ui.-

72 3538 144 3602 dere
168 3538 355 3605 credentem.
394 3539 630 3609 Omniavasta
652 3545 753 3628 atque
776 3542 851 3607 sine
870 3539 945 3603 uhu
958 3532 1116 3596 *numam

116 3640 208 3681 Curtius
220 3643 302 3685 nurus.
940 3641 959 3686 *l
