2422 3892
122 176 183 239 112
214 175 729 244 Q.0URTIRUF1HISTOR1ARUM
742 175 956 230 ALEXANDRI
966 176 1000 244 V,
1017 181 1059 230 13.

119 321 288 402 Polystrati
310 340 407 384 manu
428 321 568 384 animam
582 319 705 400 efflauit.
737 320 913 384 Atellania
930 340 973 383 an
989 320 1132 400 spiranti

119 408 217 473 adhue
238 409 448 490 suoaomerit,
470 409 618 472 incertum
630 412 698 472 est:
720 408 800 471 illuol
821 412 938 472 emstat
957 409 1131 472 miserabili

119 497 197 578 roais
224 496 445 577 opulentissimi
466 497 549 560 enitu
571 499 708 576 conperto
731 496 867 576 copiosas
889 495 1034 560 lacrimas
1050 516 1130 576 uro·

102 584 234 664 ,fudisse
255 584 417 665 statimque
439 582 592 666 chlamyde
613 583 673 648 sibi
693 583 828 647 oletraeta
850 602 957 664 corma
974 584 1130 664 annuisse

119 676 148 736 et
171 691 281 752 maana
309 691 377 734 eum
403 671 514 735 bonore
539 672 582 735 ool
602 690 672 736 suos
694 671 806 750 deferri
827 671 960 754 iussisse,
987 675 1023 733 ut
1043 672 1129 752 reaia

120 758 286 822 Persarum
304 778 386 822 more
403 763 543 822 arratum
560 759 762 823 monummtis
779 759 934 823 maiorum
951 758 1129 837 inferretur.

118 846 378 926 Ineratituulinem
403 845 573 929 bominum,
600 867 621 910 a
646 847 716 927 quis
735 865 796 927 pro
821 847 949 911 summis
975 845 1130 927 benefieiis

52 939 56 943 '
106 932 236 1005 ‚audete
253 934 381 997 exitium
393 933 517 998 Dareus
528 935 666 1015 pertulit,
683 954 869 1014 quamquam
886 938 990 1015 suopte
1004 935 1128 1016 inuenio

119 1019 302 1084 borremlom
324 1026 353 1086 et
373 1022 579 1099 execrabilem,
601 1022 767 1103 lusioniore
788 1023 832 1086 aol
845 1022 1053 1102 posteritatem
1076 1021 1128 1085 in-

118 1108 220 1188 famia
241 1110 401 1175 damnauit
421 1111 509 1174 oanis
530 1110 689 1174 cuiusdam
710 1110 794 1173 mira
814 1110 901 1193 fides,
925 1111 979 1190 qui
1001 1109 1040 1173 ab
1062 1128 1126 1173 om·

119 1197 210 1260 m'bus
238 1196 449 1276 familiaribus
480 1197 616 1262 derelicto
647 1196 730 1261 solus
759 1196 863 1276 adsuit
892 1201 931 1280 et,
964 1215 1058 1278 quam
1089 1197 1127 1262 in

120 1284 222 1348 noum
239 1305 370 1366 praese
392 1286 463 1349 tulit
483 1284 726 1366 benevolentiam,
754 1285 897 1348 morienti
918 1304 1034 1366 auroque
1056 1303 1127 1348 oon·

119 1376 235 1435 stanter
246 1373 409 1453 praestitit.
440 1372 536 1435 Hune
553 1372 632 1435 uitae
648 1373 741 1451 finem
757 1373 882 1436 sortitus
899 1376 944 1436 est
958 1372 1019 1449 ille,
1036 1391 1128 1452 quem

119 1460 207 1521 modo
237 1458 418 1523 emutumelia
445 1458 538 1538 aolfiei
557 1459 723 1539 putabant,
754 1459 818 1522 nisi
843 1479 941 1541 reoem
967 1479 1072 1542 rmum
1099 1464 1130 1524 et

120 1546 244 1609 deorum
265 1544 522 1627 mmabauineum
543 1544 728 1610 salutarent:
753 1566 920 1628 maenaque
941 1548 1053 1612 iterum
1075 1567 1128 1611 en·

116 1633 283 1713 perimmto
314 1633 515 1714 adprobatum
543 1638 601 1697 est:
632 1634 782 1698 neminem
808 1636 908 1716 mauis
928 1640 1035 1716 patere
1060 1635 1127 1715 for-

122 1724 225 1802 tunae,
260 1740 353 1802 quom
383 1721 438 1803 qui
461 1720 606 1802 pluribus
636 1722 766 1786 eiusdem
798 1722 954 1788 blanditiis
984 1723 1129 1789 inretitus

120 1808 226 1889 luorum
248 1808 333 1875 illius
356 1813 418 1875 tota
440 1809 718 1892 oeroioereeeperlt.
