2422 3892
254 160 507 216 msuoamaun
525 156 739 217 maxumin
757 122 855 232 v,⁴10.
877 171 917 219 11.
1039 166 1101 230 105

91 305 177 370 stiuo
195 325 285 369 more
302 304 495 369 conscendit.
529 303 735 371 Nabarzanes
751 308 911 392 ceterique
924 308 1100 395 parricidae
1121 330 1153 379 ra

91 392 336 477 procumbentes
363 392 466 475 humi,
494 413 589 477 quem
612 395 709 476 paulo
731 398 806 477 post
828 395 863 459 in
885 396 1022 460 vinculis
1044 396 1100 460 ha·

91 479 192 544 bituri
212 483 313 562 amnt,
335 479 515 544 sustinuere
533 482 688 563 venerari,
710 482 858 546 lacrimas
878 483 973 547 etiam
993 484 1100 567 paeni·

92 567 214 632 tentiae
247 567 366 631 indices
402 567 627 650 profuderunt:
669 569 747 635 adeo
779 570 930 635 humanis
961 570 1100 655 ingeniis

92 658 207 738 parata
237 654 398 719 simulatio
430 658 488 719 est
536 654 650 719 Preces
682 656 795 722 deinde
828 659 1015 742 suppliciter
1046 658 1099 723 ad·
1121 677 1153 726 14

77 746 200 831 ¹motae
217 741 371 826 Dareum,
399 745 517 806 natura
539 743 717 826 simplicem
740 747 773 809 et
793 746 917 829 mitem,
944 767 1011 811 non
1034 767 1099 811 cre·

92 830 166 895 dere
187 831 297 914 modo,
320 850 401 913 quae
425 829 652 913 adfirmabant,
684 831 740 895 sed
765 831 840 896 flere
869 835 964 897 etiam
989 838 1100 919 coege-

88 921 175 983 runt
208 917 268 982 -Ac
299 920 437 982 netum
465 918 593 1001 quidem
621 918 754 1003 cogitati
781 921 907 985 sceleris
934 922 1099 1006 paenituit,
1120 937 1152 989 lo

89 1026 162 1092 eum
188 1005 392 1070 intuerentur
418 1006 545 1088 qualem
572 1009 605 1070 et
629 1025 739 1090 regem
762 1008 794 1071 et
816 1008 920 1072 virum
941 1009 1099 1074 fallerent.

88 1092 148 1156 Ille
172 1092 309 1177 quidem,
332 1113 461 1157 securus
483 1093 624 1175 periculi,
648 1093 732 1175 quod
750 1094 903 1177 instabat,
927 1095 1100 1162 Alexandri

90 1201 219 1264 manus,
241 1200 320 1265 quas
343 1181 428 1245 solas
450 1180 599 1261 timebat,
622 1180 761 1264 effugere
783 1182 985 1264 properabat

515 1335 594 1403 Gru.
615 1336 671 1404 XI.

23 1438 79 1518 ι30
176 1441 298 1506 Patron
321 1446 444 1524 autem,
467 1440 662 1508 Graecorum
685 1442 761 1525 dux,
784 1422 940 1526 prbecipit
962 1443 1040 1526 suis,
1055 1446 1100 1507 ut
1120 1462 1132 1509 1

89 1551 191 1613 arma,
223 1551 305 1613 quae
335 1531 371 1593 in
403 1530 536 1595 sarcinis
559 1533 662 1610 antea
690 1530 889 1614 ferebantur,
920 1531 1098 1612 induerent,

89 1617 130 1680 ad
155 1638 249 1681 omne
271 1617 557 1703 imperiumsuum
579 1618 685 1700 parati
707 1621 740 1682 et
760 1618 888 1682 intenti.
932 1617 1004 1700 Ipse
1028 1636 1133 1683 cur-a

89 1725 162 1767 rum
190 1704 276 1787 regis
304 1705 496 1788 sequebatur
523 1705 683 1770 occasioni
708 1705 878 1769 imminens
906 1705 1098 1787 adloquendi

91 1812 178 1872 eum,
210 1791 327 1875 quippe
349 1789 442 1856 Bessi
467 1792 592 1856 facinus
619 1795 850 1876 praesenserat
896 1789 957 1854 Sed
980 1790 1098 1854 Bessus

90 1877 124 1941 id
146 1878 252 1962 ipsum
275 1881 429 1965 metuens,
451 1883 559 1945 custos
581 1879 686 1944 verius
710 1900 805 1963 quam
829 1897 944 1960 comes,
967 1898 986 1940 a
1005 1898 1098 1941 curru

90 1985 157 2029 non
178 1965 356 2032 recedebat
392 1965 457 2032 Diu
480 1988 557 2052 ergo
580 1966 701 2032 Patron
724 1968 892 2032 cunctatus
916 1985 952 2029 ac
973 1963 1098 2049 saepius
1117 1982 1133 2031 a

76 2073 237 2125 ,sermone
258 2057 440 2138 revocatus,
464 2055 549 2118 inter
574 2055 670 2118 fidem
692 2054 902 2137 timoremque
925 2052 1098 2136 haesitans,

89 2159 198 2224 regem
233 2141 428 2207 intuebatur.
482 2141 544 2218 Qui
579 2146 616 2207 ut
646 2143 776 2207 tandem
808 2142 945 2207 advert't
980 2142 1131 2224 oculosa

90 2227 242 2291 Bubacen
265 2230 440 2313 spadonem
467 2229 551 2293 inter
575 2230 738 2312 proximos
762 2252 889 2295 currum
912 2233 1098 2314 sequentem

90 2317 271 2396 percontari
299 2317 402 2399 iubet,
433 2317 587 2401 numquid
614 2318 677 2402 ipsi
704 2318 781 2381 velit
808 2318 919 2382 dicere.
968 2315 1098 2398 Patron,

91 2424 235 2488 severo,
266 2405 321 2469 sed
343 2405 475 2469 remotis
499 2405 627 2469 arbitris
655 2405 742 2487 loqui
770 2405 850 2468 velle
874 2424 945 2467 oum
969 2423 1020 2483 eo,
1051 2422 1097 2464 re·

89 2491 221 2574 spondit
245 2491 415 2576 iussusque
441 2493 574 2576 propius
597 2492 744 2556 accedere
767 2490 835 2554 sine
857 2489 1031 2571 interprete
1058 2523 1095 2533 -

88 2600 165 2642 nam
200 2578 288 2644 haud
323 2580 412 2644 rudis
444 2578 584 2644 Graecae
618 2579 750 2662 linguae
781 2575 905 2640 Dareus
942 2578 1023 2657 erat,
1056 2610 1097 2621 -

89 2657 195 2749 ‘Rex',
225 2666 342 2751 inquit,
376 2665 431 2730 ‘ex
461 2683 484 2729 n
512 2666 641 2730 milibus
669 2663 864 2728 Graecorum
892 2680 1132 2745 supersumuso

88 2753 195 2836 pauci,
232 2755 336 2818 omnis
367 2753 517 2818 fortunae
547 2756 622 2816 tuae
655 2751 786 2815 comites
819 2753 851 2814 et
881 2749 916 2813 in
947 2749 1009 2814 hcc
1040 2751 1096 2814 tuo

89 2843 177 2904 statu
199 2840 297 2925 idem,
319 2841 375 2925 qui
396 2840 530 2904 florente
552 2843 584 2902 te
606 2838 734 2921 fuimus,
758 2858 972 2921 quascumque
994 2841 1096 2902 terras

89 2927 236 3013 elegeris,
261 2950 321 3012 pro
349 2927 454 3011 patria
477 2929 510 2990 et
536 2926 718 2991 domesticis
741 2926 835 2990 rebus
858 2925 998 3008 petituri.
1044 2923 1131 2994 Sea

87 3016 209 3080 eundae
240 3015 455 3099 adversaeque
486 3036 536 3078 res
566 3017 641 3079 tuae
674 3015 861 3097 copulavere
892 3035 951 3078 nos
983 3016 1098 3078 tecum.

87 3101 149 3166 Per
175 3103 260 3167 hanc
287 3104 383 3168 fidem
409 3103 562 3168 invictam
590 3124 646 3168 oro
675 3104 707 3166 et
735 3102 890 3184 obtestor,
920 3101 955 3164 in
977 3100 1097 3164 nostris

88 3191 202 3254 castris
229 3191 289 3254 tibi
311 3192 554 3256 tabernaculum
578 3193 694 3270 statue,
726 3210 786 3254 nos
810 3187 951 3271 corporis
975 3187 1023 3249 tui
1046 3208 1097 3250 cu·

89 3275 196 3339 stodes
220 3289 297 3342 esse
310 3279 452 3362 patiaris.
489 3277 662 3346 Omisimus
680 3276 856 3359 Graeciam,
878 3274 967 3338 nulla
980 3271 1097 3338 Bactra

90 3364 166 3425 sunt
196 3364 304 3429 nobis:
341 3387 413 3450 spes
446 3367 549 3432 omnis
576 3365 611 3428 in
638 3367 684 3446 te,
715 3363 840 3427 utinam
863 3362 961 3426 etiam
984 3361 1096 3426 ceteris

90 3452 183 3511 esset.
221 3450 318 3514 Plura
339 3453 402 3516 dici
424 3475 492 3518 non
514 3452 639 3516 attinet
675 3448 862 3531 Qustodiam
885 3449 1027 3531 corporis
1049 3448 1096 3511 tui
1181 3479 1185 3489 ·

16 3533 17 3536 ’
89 3537 242 3615 externus
273 3540 305 3600 et
332 3539 514 3623 alienigena
539 3560 604 3603 non
635 3537 851 3621 deposcerem,
883 3536 910 3600 si
938 3535 1095 3600 crederem
