2422 3892
118 115 181 176 172
487 115 518 180 Q.
539 114 648 169 CURTI
667 114 754 168 RUFI

117 280 235 323 sumus.
275 257 367 323 Unus
392 259 495 323 amnis
519 257 689 322 interfluit:
719 278 814 341 quem
837 257 867 320 si
890 256 1139 339 traicimus,in

65 362 97 409 11
115 347 280 428 Europam
307 368 398 411 arma
424 345 626 429 proferimus.
676 345 721 408 Et
747 345 861 429 quanti
892 344 1138 410 aestimandum

117 439 175 518 est,
200 435 274 498 dum
296 432 410 497 Asiam
434 435 629 520 subigimus,
651 435 686 498 in
709 434 773 498 alio
792 432 1049 516 quodammodo
1068 432 1138 498 orbe

116 526 251 605 tropaea
274 525 416 586 statuere
440 525 485 605 et,
508 544 589 606 quae
611 526 680 585 tam
702 522 800 605 longo
819 521 1004 585 intervallo
1024 525 1138 586 nature

66 624 99 671 11
121 610 245 674 videtur
263 610 439 691 diremisse,
457 632 522 674 una
539 609 676 674 victoria
694 609 802 674 subito
820 609 1065 674 committere?
1098 610 1138 673 At

117 697 260 779 hercule,
291 699 320 762 si
356 698 491 781 paulum
522 697 766 780 cessaverimus,
801 696 835 760 in
870 696 982 781 tergis
1016 698 1137 762 nostris

118 784 257 869 Scythae
297 785 485 850 haerebunt.
538 786 591 850 An
631 786 693 850 soli
733 806 859 867 sumus,
899 784 959 867 qni
1003 785 1138 850 flumim

117 877 287 936 transnare
308 873 501 956 possumus?
547 872 653 938 Multa
678 874 713 936 in
734 872 956 956 nosmetipsos
982 874 1138 957 recident,

67 975 99 1023 ro
120 960 236 1044 quibus
270 960 373 1026 adhuc
402 963 547 1027 vicimus.
595 959 741 1026 Fortuna
774 960 854 1025 belli
885 963 998 1025 artem
1031 964 1137 1027 victos

120 1070 246 1133 quoque
273 1049 375 1114 docet.
422 1049 558 1115 Utribus
590 1071 717 1114 amnem
748 1048 917 1113 traiciendi
944 1051 1139 1134 exemplum

118 1136 253 1201 fecimus
288 1159 407 1222 nuper:
452 1138 528 1221 hoc,
564 1141 602 1203 ut
637 1136 777 1221 Scythae
809 1136 936 1201 imitari
974 1139 1139 1222 nesciant,

69 1240 99 1287 11
118 1224 287 1290 Bactriani
304 1227 472 1293 docebunt.
507 1226 679 1291 Praeterea
697 1247 779 1290 unus
798 1225 907 1307 gentis
924 1224 1031 1291 huius
1054 1248 1139 1293 exer·

120 1314 202 1378 citus
226 1314 330 1379 adhuc
352 1316 453 1397 venit,
482 1315 580 1379 ceteri
604 1317 819 1396 expectantur.
859 1313 912 1378 Ita
938 1313 1075 1380 bellum
1098 1317 1139 1381 11

119 1402 218 1466 tando
251 1404 373 1465 alemus
405 1405 451 1484 et,
487 1401 571 1486 quod
607 1402 726 1466 inferre
760 1422 945 1485 possumus,
986 1404 1139 1488 accipere

70 1502 100 1553 18
120 1509 281 1568 cogemur.
326 1488 500 1553 Manifesta
528 1492 578 1553 est
605 1490 733 1554 consilii
764 1491 828 1571 mei
854 1488 947 1554 ratio.
1000 1488 1073 1556 Sed
1102 1514 1140 1559 an

119 1577 309 1659 permissuri
327 1576 393 1640 sint
411 1578 493 1641 mihi
506 1576 695 1642 Macedonas
715 1578 823 1642 animo
840 1579 891 1642 uti
904 1598 991 1662 mec,
1011 1579 1141 1665 dubito,

120 1665 209 1749 quia,
234 1687 272 1729 ex
291 1687 354 1749 quo
374 1666 435 1730 hoc
453 1666 568 1730 vulnus
588 1667 709 1749 accepi,
731 1687 798 1730 non
817 1687 898 1750 equo
917 1670 1035 1731 vectus
1059 1691 1141 1753 snm,

119 1775 186 1817 non
208 1754 343 1837 pedibus
366 1755 541 1838 ingressus.
577 1751 639 1819 Sed
663 1756 760 1818 sime
782 1755 870 1838 sequi
889 1752 1009 1839 vultis,
1033 1759 1142 1835 valeo,

69 1856 100 1902 19
120 1842 224 1906 amici.
270 1842 356 1906 Satis
389 1844 508 1907 virium
540 1847 590 1907 est
617 1844 657 1906 ad
686 1842 856 1907 toleranda
884 1842 962 1906 ista:
1000 1849 1081 1929 aut,
1115 1846 1142 1909 si

119 1930 185 1993 iam
222 1931 313 1994 adest
345 1931 430 1995 vitae
462 1952 553 1995 meae
590 1931 677 2014 linia,
705 1933 740 1996 in
772 1954 835 2015 quo
867 1929 1002 1996 tandem
1038 1954 1142 2017 opere

67 2031 101 2078 ao
119 2016 235 2080 melius
263 2018 454 2101 extinguar?
504 2018 593 2082 Haec
623 2041 741 2102 quassa
773 2019 876 2084 adhuc
907 2039 987 2082 voce
1018 2022 1175 2091 subde-31

119 2103 229 2166 ficiens
248 2105 303 2168 vix
326 2107 481 2187 proximis
501 2107 744 2171 exaudientibus
768 2107 901 2185 dixerat,
923 2127 1000 2171 cum
1021 2130 1142 2175 omnes

120 2213 139 2256 1
161 2195 230 2255 tam
257 2193 429 2276 praecipiti
455 2195 590 2259 consilio
617 2215 727 2279 regem
755 2195 915 2259 deterrere
942 2202 1143 2283 coeperunt,

67 2294 99 2342 11
119 2278 271 2364 Erigyius
290 2285 441 2364 maxime,
460 2282 528 2367 qui,
545 2282 631 2347 haud
650 2306 726 2347 sane
746 2284 938 2348 auctoritate
955 2286 1142 2365 proficiens

120 2369 205 2452 apud
219 2370 422 2434 obstinatum
441 2372 593 2454 animum,
612 2372 884 2454 superstitionem,
902 2370 993 2434 cuius
1014 2379 1142 2456 potens

118 2479 185 2522 non
204 2463 273 2522 erat
291 2479 361 2542 rex,
384 2459 526 2523 incutere
546 2461 718 2541 temptavit
735 2459 881 2537 dicendo,
904 2458 980 2522 deos
1002 2482 1143 2549 quoque

67 2560 100 2609 aa
119 2546 249 2612 obstare
286 2546 420 2611 consilio
457 2566 674 2630 magnumque
710 2547 904 2629 periculum,
942 2546 969 2610 si
1009 2549 1143 2617 flumen

118 2635 305 2715 transisset,
342 2634 477 2699 ostendi.
529 2634 671 2697 Intranti
707 2633 843 2717 Erigyio
882 2635 1143 2704 tabemaenlum

118 2722 204 2804 regis
227 2721 420 2785 Aristander
447 2726 640 2805 occurrerat,
667 2723 775 2786 tristia
806 2726 879 2786 exta
905 2721 1008 2787 fuisse
1034 2726 1143 2811 signi-

67 2823 100 2870 23
120 2809 234 2872 ficans:
252 2809 331 2873 haec
350 2831 389 2874 ex
406 2814 480 2874 vate
499 2815 652 2893 conperta
666 2809 821 2895 Erigyius
839 2810 1023 2877 nuntiabat.
1064 2814 1143 2893 Quo

118 2895 258 2960 inhibito
282 2897 464 2961 Alexander
490 2920 556 2962 non
583 2899 633 2962 ira
656 2900 773 2976 solum,
800 2900 977 2963 sedetiam
1004 2903 1143 2984 pudore

120 2983 285 3066 confusuS,
317 2985 403 3068 quod
434 2987 633 3070 superstitio,
665 3008 761 3070 quam
794 2988 968 3069 celaverat,
998 2988 1142 3078 detege·

66 3089 101 3136 14
118 3074 224 3151 batur,
242 3072 469 3137 Aristandrum
487 3075 596 3139 vocari
613 3076 710 3140 iubet.
748 3074 810 3151 Qui
829 3080 865 3140 ut
882 3075 978 3156 venit,
996 3075 1142 3147 intuens

119 3183 204 3246 eum,
237 3160 323 3226 ‘Non
350 3161 427 3244 rex',
453 3163 573 3248 inquit,
605 3162 672 3227 ‘sed
699 3165 843 3246 privatus
872 3163 1070 3232 sacrificium
1101 3176 1142 3236 ut

119 3249 240 3314 faceres
276 3252 440 3316 mandavit
476 3252 554 3336 quid
586 3274 623 3317 eo
655 3253 912 3337 portenderetur,
947 3273 1003 3317 cur
1045 3258 1141 3341 apud

120 3339 218 3403 alium
242 3361 339 3423 quam
362 3340 446 3424 apud
469 3363 520 3405 me
543 3340 705 3424 professus
729 3341 785 3404 es?
830 3340 986 3425 Erigyius
1010 3363 1142 3412 arcana

118 3449 191 3492 mea
219 3432 252 3493 et
282 3434 406 3494 secreta
436 3433 470 3493 te
495 3429 650 3514 prodente
682 3429 846 3513 cognovit:
879 3450 973 3514 quem
1004 3437 1141 3499 certum

115 3517 299 3582 mehercule
332 3518 437 3583 habeo
469 3521 617 3584 extorum
648 3517 823 3599 interprete
854 3518 905 3580 uti
940 3520 1029 3581 metu
1064 3542 1140 3589 suo.
