2422 3892
113 153 156 218 26
485 151 516 218 Q.
537 151 647 208 CURTI
665 152 751 206 RUFI
808 148 811 155 ’

113 299 204 380 lavit,
234 300 272 362 nt
299 319 457 361 summam
480 291 661 362 adhibuerit
684 319 806 380 curam,
837 317 878 360 ne
902 295 974 379 quis
997 295 1127 378 captivo

114 387 240 471 corpori
261 385 436 450 inluderet:
464 407 592 450 omnem
615 387 736 450 cultum
759 384 849 448 reddi
870 383 999 447 feminis
1021 383 1127 468 iussit,

62 495 95 543 aa
113 497 173 539 nec
201 472 371 559 quicquam
399 495 438 537 ex
462 474 617 557 pristinae
640 473 788 538 fortunae
812 472 1051 556 magnificentia
1074 493 1127 535 ca-

62 583 96 631 24
113 563 211 646 ptivis
230 565 355 647 praeter
372 562 521 626 fiduciam
539 561 649 626 defuit.
676 561 790 646 Itaque
805 559 1004 646 Sisigambis,
1023 559 1128 640 ‘Rex',

114 652 228 736 inquit,
252 650 403 733 ‘mereris
425 653 463 714 ut
478 671 515 713 ea
528 671 695 733 precemur
707 650 776 733 tibi,
795 671 880 733 quae,
890 648 997 713 Dareo
1011 651 1127 713 nostro

115 738 277 823 quondam
303 741 452 822 precatae
475 761 598 821 sumus,
628 760 687 802 nec
709 738 830 801 invidia
852 737 968 821 dignus
992 758 1045 822 es,
1070 737 1127 820 qui
1153 735 1185 819 s

113 830 243 891 tantum
272 846 380 911 regem
403 848 469 890 non
491 826 644 890 felicitate
668 827 785 909 solum,
815 826 870 889 sed
898 825 995 889 etiam
1018 825 1127 909 aequi·

62 933 100 982 ab
114 918 182 979 tate
206 915 414 999 superaveris.
466 913 517 979 Tu
540 914 668 999 quidem
690 917 827 978 matrem
849 935 900 977 me
924 916 958 976 et
978 913 1127 998 reginam

114 1024 224 1087 vocas,
256 1003 312 1066 sed
334 1022 394 1087 ego
417 1006 581 1067 metuam
603 1001 757 1066 famulam
780 1023 850 1065 esse
874 1001 1037 1066 confiteor.
1080 1000 1128 1065 Et
1181 1026 1186 1039 ·

115 1092 306 1176 praeteritae
323 1091 473 1156 fortunae
490 1091 655 1175 fastigium
669 1090 760 1173 capio
776 1093 808 1154 et
820 1089 999 1173 praesentis
1012 1090 1127 1174 iugum

92 1259 95 1264 Ι
114 1180 184 1264 pati
206 1201 352 1263 possum:
374 1183 430 1243 tua
452 1180 596 1261 interest,
620 1182 775 1262 quantum
797 1178 833 1241 in
855 1199 915 1242 nos
938 1178 1074 1261 licuerit,
1097 1176 1127 1242 si

114 1267 147 1331 id
174 1268 282 1352 potius
310 1268 478 1332 clementia
506 1289 603 1351 quam
630 1266 764 1332 saevitia
786 1267 834 1330 vis
857 1286 926 1331 esse
948 1264 1127 1343 testatum?

63 1375 96 1423 26
114 1355 184 1438 Rex
210 1357 333 1420 bonum
360 1357 503 1418 animum
529 1355 647 1418 habere
676 1375 729 1419 eas
756 1355 858 1419 iussit.
903 1354 1002 1419 Darei
1022 1354 1127 1418 filium

114 1444 197 1507 collo
235 1465 292 1506 suo
329 1442 487 1506 admovit:
524 1445 620 1525 atque
653 1443 736 1506 nihil
766 1443 820 1506 ille
853 1445 1024 1526 conspectu
1054 1445 1127 1514 tum

113 1531 253 1614 primum
281 1551 301 1593 a
330 1551 363 1593 se
390 1530 451 1593 visi
478 1531 669 1597 conterritus
698 1531 852 1594 cervicem
881 1531 949 1595 eius
976 1529 1126 1594 manibus

114 1617 325 1702 amplectitur.
378 1616 487 1681 Motus
519 1638 596 1702 ergo
627 1638 684 1682 rex
720 1619 903 1683 constantia
938 1619 1028 1703 pueri
1060 1617 1127 1682 He-

113 1706 335 1790 phaestionem
364 1706 508 1789 intuens,
540 1705 657 1781 ‘Quam
679 1706 814 1788 vellem',
843 1707 961 1791 inquit,
989 1704 1127 1770 ‘Dareus

49 1790 52 1795 ’
115 1794 234 1879 aliquid
266 1800 305 1858 ex
334 1793 396 1858 hac
427 1794 535 1858 indole
566 1794 760 1858 hausissetl'
805 1793 887 1858 Tum
916 1795 1127 1859 tabernaculo

116 1905 133 1947 e
174 1905 272 1947 essus.

63 1987 95 2036 27
135 1904 173 1968 gr
204 1971 320 2034 Tribus
341 1971 407 2033 ‘aris
430 1971 465 2034 in
487 1970 557 2052 ripa
579 1969 688 2034 Pinari
711 1970 815 2034 amnis
837 1968 907 2034 Iovi
930 1973 1025 2055 atque
1043 1969 1180 2054 Her-33

117 2059 179 2122 culi
201 2058 428 2142 Minervaeque
451 2058 585 2122 sacratis
600 2056 726 2141 Syriam
747 2059 830 2143 petit
843 2057 1047 2144 Damascum,
1069 2059 1127 2124 ubi

103 2146 204 2230 regis
229 2166 308 2230 gaza
331 2149 412 2228 erat,
434 2145 646 2211 Parmenione
668 2147 854 2230 praemisso.

437 2321 439 2325 ⁴
525 2304 604 2370 One.
626 2304 715 2370 ΧΙΠ.

81 2427 94 2476 1
203 2408 265 2485 Qui
292 2433 365 2475 cum
387 2410 596 2494 processisset
622 2414 655 2475 et
676 2409 773 2474 Darei
801 2413 964 2496 satrapam
991 2411 1128 2493 oppairi

114 2519 147 2564 sc
175 2500 384 2582 conperisset,
415 2499 551 2580 veritus,
588 2519 640 2563 ne.
660 2499 806 2583 paucitas
838 2521 968 2564 suorum
998 2520 1126 2584 sperne·

79 2591 216 2671 aretur,
248 2609 407 2653 accersere
439 2587 593 2652 maiorem
624 2609 756 2651 manum
786 2587 908 2651 statuit.
954 2586 1015 2652 Sed
1042 2587 1127 2652 forte

114 2677 149 2739 in
172 2677 389 2760 exploratores
413 2675 515 2744 abeo
538 2677 731 2760 praemissos
753 2675 865 2739 incidit
887 2676 1018 2740 natione
1041 2674 1126 2740 Mar-

115 2763 184 2845 dus,
207 2765 263 2846 qui
286 2765 326 2828 ad
347 2763 563 2829 Parmeniona
584 2763 757 2846 perductus
779 2763 904 2828 litteras
928 2764 968 2827 ad
987 2763 1126 2828 Alexan·

115 2850 207 2914 drum
236 2873 255 2914 a
280 2851 443 2934 praefecto
466 2851 617 2925 Damasci
643 2851 758 2915 missas
780 2851 881 2915 tradit
902 2852 932 2916 ei
953 2873 1013 2917 nec
1035 2851 1126 2916 dubi·

88 2970 96 2983 ·
115 2941 184 3003 tare
207 2959 292 3021 eum,
322 2940 399 3021 quin
427 2961 556 3003 omnem
578 2940 701 3023 regiam
724 2940 954 3022 supellectilem
977 2961 1050 3004 cum
1072 2960 1127 3023 pe·

80 3027 210 3094 eounia
239 3025 393 3109 traderet,
425 3026 549 3090 adiecit.
593 3026 764 3091 Parmenio
793 3028 955 3093 adservari
977 3049 1014 3092 eo
1038 3029 1126 3092 iusso

114 3115 237 3179 litteras
261 3115 372 3198 aperit,
394 3114 524 3198 inquis
548 3118 616 3178 erat
638 3116 801 3199 scripturn,
823 3119 861 3179 ut
883 3119 1007 3180 mature
1029 3115 1128 3180 Alex-
1173 3167 1181 3183 .

114 3202 214 3266 ander
249 3202 388 3287 aliquem
419 3223 457 3265 ex
489 3202 622 3267 ducibus
653 3204 719 3267 suis
751 3204 892 3268 mitteret
923 3226 996 3269 cum
1028 3224 1128 3268 manu
1158 3269 1160 3273 Α

114 3291 243 3374 exigua,
266 3292 317 3355 cai
340 3291 482 3369 truderet,
514 3311 726 3377 quoecumque
749 3314 804 3356 rex
827 3314 926 3377 penes
948 3293 1056 3377 ipsum
1077 3313 1127 3356 re·

113 3379 275 3462 liquisset:
310 3379 420 3462 itaque
451 3378 598 3444 Mardum
630 3379 714 3444 datis
746 3381 917 3456 comitibus
949 3381 990 3445 ad
1019 3379 1127 3465 prodi·

43 3509 45 3514 -
78 3469 218 3534 ctorem
247 3467 392 3532 remittit.
435 3467 494 3532 llle
522 3489 539 3532 e
566 3468 716 3533 manibus
745 3463 994 3534 custodientium
1015 3469 1127 3552 lapsus

109 3552 305 3620 Damascum
342 3559 419 3622 ante
454 3557 558 3622 lucem
593 3557 704 3620 intrat.
763 3556 966 3622 Turbaverat
1001 3577 1039 3620 ea
1073 3577 1126 3620 res
