<?xml version="1.0" encoding="UTF-8"?>
<!DOCTYPE html PUBLIC "-//W3C//DTD XHTML 1.0 Transitional//EN"
    "http://www.w3.org/TR/xhtml1/DTD/xhtml1-transitional.dtd">
<html xmlns="http://www.w3.org/1999/xhtml" xml:lang="en" lang="en">
 <head>
  <title>
</title>
<meta http-equiv="Content-Type" content="text/html;charset=utf-8" />
  <meta name='ocr-system' content='tesseract 3.04.00' />
  <meta name='ocr-capabilities' content='ocr_page ocr_carea ocr_par ocr_line ocrx_word'/>
</head>
<body>
  <div class='ocr_page' id='page_1' title='image "./historiarumalex00rufugoog_0274.png"; bbox 0 0 2422 3892; ppageno 0'>
   <div class='ocr_carea' id='block_1_1' title="bbox 268 151 1125 220">
    <p class='ocr_par' dir='ltr' id='par_1_1' title="bbox 268 151 1125 220">
     <span class='ocr_line' id='line_1_1' title="bbox 268 151 1125 220; baseline 0.014 -14"><span class='ocrx_word' id='word_1_1' title='bbox 268 202 270 206; x_wconf 80' lang='grc'>,</span> <span class='ocrx_word' id='word_1_2' title='bbox 300 151 554 207; x_wconf 82' lang='lat' dir='ltr'>HISTORIARUM</span> <span class='ocrx_word' id='word_1_3' title='bbox 571 152 785 206; x_wconf 84' lang='lat' dir='ltr'>ALEXANDRI</span> <span class='ocrx_word' id='word_1_4' title='bbox 803 153 891 220; x_wconf 88' lang='lat' dir='ltr'>VIIII,</span> <span class='ocrx_word' id='word_1_5' title='bbox 910 161 935 211; x_wconf 81' lang='lat'>4.</span> <span class='ocrx_word' id='word_1_6' title='bbox 1061 156 1125 220; x_wconf 77' lang='grc'>237</span> 
     </span>
    </p>
   </div>
   <div class='ocr_carea' id='block_1_2' title="bbox 68 296 1185 3633">
    <p class='ocr_par' dir='ltr' id='par_1_2' title="bbox 118 296 1181 908">
     <span class='ocr_line' id='line_1_2' title="bbox 118 296 1129 383; baseline 0 -21"><span class='ocrx_word' id='word_1_7' title='bbox 118 301 247 382; x_wconf 86' lang='lat' dir='ltr'>poterat</span> <span class='ocrx_word' id='word_1_8' title='bbox 279 297 410 361; x_wconf 87' lang='lat' dir='ltr'>admota</span> <span class='ocrx_word' id='word_1_9' title='bbox 443 300 504 377; x_wconf 90' lang='lat' dir='ltr'>est,</span> <span class='ocrx_word' id='word_1_10' title='bbox 536 298 573 359; x_wconf 90' lang='lat' dir='ltr'>ut</span> <span class='ocrx_word' id='word_1_11' title='bbox 605 296 733 379; x_wconf 84' lang='lat' dir='ltr'>fluctus,</span> <span class='ocrx_word' id='word_1_12' title='bbox 770 298 825 380; x_wconf 89' lang='lat' dir='ltr'>qui</span> <span class='ocrx_word' id='word_1_13' title='bbox 858 318 892 360; x_wconf 91' lang='lat' dir='ltr'>se</span> <span class='ocrx_word' id='word_1_14' title='bbox 923 298 1129 383; x_wconf 75' lang='lat' dir='ltr'>invehebant,</span> 
     </span>
     <span class='ocr_line' id='line_1_3' title="bbox 119 382 1181 470; baseline -0.003 -20"><span class='ocrx_word' id='word_1_15' title='bbox 119 387 390 451; x_wconf 81' lang='lat' dir='ltr'>everberarentur.</span> <span class='ocrx_word' id='word_1_16' title='bbox 438 382 533 447; x_wconf 81' lang='lat' dir='ltr'><strong>Findi</strong></span> <span class='ocrx_word' id='word_1_17' title='bbox 565 383 710 448; x_wconf 91' lang='lat' dir='ltr'>crederes</span> <span class='ocrx_word' id='word_1_18' title='bbox 743 384 844 448; x_wconf 90' lang='lat' dir='ltr'>undas</span> <span class='ocrx_word' id='word_1_19' title='bbox 872 389 905 448; x_wconf 86' lang='lat' dir='ltr'>et</span> <span class='ocrx_word' id='word_1_20' title='bbox 935 389 1023 448; x_wconf 89' lang='lat' dir='ltr'>retro</span> <span class='ocrx_word' id='word_1_21' title='bbox 1056 406 1128 470; x_wconf 90' lang='lat' dir='ltr'>gur·</span> <span class='ocrx_word' id='word_1_22' title='bbox 1148 400 1181 448; x_wconf 86' lang='lat'>14</span> 
     </span>
     <span class='ocr_line' id='line_1_4' title="bbox 119 470 1129 558; baseline -0.001 -20"><span class='ocrx_word' id='word_1_23' title='bbox 119 475 203 558; x_wconf 87' lang='lat' dir='ltr'>gites</span> <span class='ocrx_word' id='word_1_24' title='bbox 227 473 346 537; x_wconf 83' lang='lat' dir='ltr'>cedere.</span> <span class='ocrx_word' id='word_1_25' title='bbox 386 470 509 547; x_wconf 83' lang='lat' dir='ltr'><strong>Quibus</strong></span> <span class='ocrx_word' id='word_1_26' title='bbox 533 472 664 536; x_wconf 89' lang='lat' dir='ltr'>tandem</span> <span class='ocrx_word' id='word_1_27' title='bbox 686 474 779 536; x_wconf 87' lang='lat' dir='ltr'>navis</span> <span class='ocrx_word' id='word_1_28' title='bbox 798 477 909 555; x_wconf 86' lang='lat' dir='ltr'>erepta</span> <span class='ocrx_word' id='word_1_29' title='bbox 931 478 1129 538; x_wconf 90' lang='lat' dir='ltr'>nontamen</span> 
     </span>
     <span class='ocr_line' id='line_1_5' title="bbox 119 559 1129 646; baseline -0.001 -20"><span class='ocrx_word' id='word_1_30' title='bbox 119 563 209 646; x_wconf 88' lang='lat' dir='ltr'>ripae</span> <span class='ocrx_word' id='word_1_31' title='bbox 240 561 431 644; x_wconf 89' lang='lat' dir='ltr'>adplicatur,</span> <span class='ocrx_word' id='word_1_32' title='bbox 465 559 520 624; x_wconf 89' lang='lat' dir='ltr'>sed</span> <span class='ocrx_word' id='word_1_33' title='bbox 547 560 582 622; x_wconf 92' lang='lat' dir='ltr'>in</span> <span class='ocrx_word' id='word_1_34' title='bbox 614 561 797 643; x_wconf 84' lang='lat' dir='ltr'>proximum</span> <span class='ocrx_word' id='word_1_35' title='bbox 824 562 942 624; x_wconf 82' lang='lat' dir='ltr'>vadum</span> <span class='ocrx_word' id='word_1_36' title='bbox 972 561 1129 626; x_wconf 89' lang='lat' dir='ltr'>inliditur.</span> 
     </span>
     <span class='ocr_line' id='line_1_6' title="bbox 119 646 1128 733; baseline 0.002 -19"><span class='ocrx_word' id='word_1_37' title='bbox 119 648 201 714; x_wconf 84' lang='lat' dir='ltr'>Cum</span> <span class='ocrx_word' id='word_1_38' title='bbox 233 649 319 714; x_wconf 89' lang='lat' dir='ltr'>amni</span> <span class='ocrx_word' id='word_1_39' title='bbox 351 647 473 712; x_wconf 92' lang='lat' dir='ltr'>bellum</span> <span class='ocrx_word' id='word_1_40' title='bbox 503 646 603 712; x_wconf 86' lang='lat' dir='ltr'>fuisse</span> <span class='ocrx_word' id='word_1_41' title='bbox 636 647 791 713; x_wconf 82' lang='lat' dir='ltr'>crederes.</span> <span class='ocrx_word' id='word_1_42' title='bbox 844 648 934 732; x_wconf 80' lang='lat' dir='ltr'>Ergo</span> <span class='ocrx_word' id='word_1_43' title='bbox 972 650 1037 712; x_wconf 90' lang='lat' dir='ltr'>aris</span> <span class='ocrx_word' id='word_1_44' title='bbox 1069 673 1128 733; x_wconf 91' lang='lat' dir='ltr'>pro</span> 
     </span>
     <span class='ocr_line' id='line_1_7' title="bbox 118 735 1129 821; baseline 0.002 -20"><span class='ocrx_word' id='word_1_45' title='bbox 118 758 250 802; x_wconf 91' lang='lat' dir='ltr'>numero</span> <span class='ocrx_word' id='word_1_46' title='bbox 278 737 448 801; x_wconf 90' lang='lat' dir='ltr'>fluminum</span> <span class='ocrx_word' id='word_1_47' title='bbox 475 735 591 818; x_wconf 89' lang='lat' dir='ltr'>positis</span> <span class='ocrx_word' id='word_1_48' title='bbox 614 735 832 821; x_wconf 90' lang='lat' dir='ltr'>sacrificioque</span> <span class='ocrx_word' id='word_1_49' title='bbox 854 737 941 801; x_wconf 90' lang='lat' dir='ltr'>facto</span> <span class='ocrx_word' id='word_1_50' title='bbox 966 756 1038 802; x_wconf 92' lang='lat' dir='ltr'>xxx</span> <span class='ocrx_word' id='word_1_51' title='bbox 1064 742 1129 804; x_wconf 87' lang='lat' dir='ltr'>sta·</span> 
     </span>
     <span class='ocr_line' id='line_1_8' title="bbox 119 825 362 908; baseline -0.008 -18"><span class='ocrx_word' id='word_1_52' title='bbox 119 826 173 890; x_wconf 90' lang='lat' dir='ltr'>dia</span> <span class='ocrx_word' id='word_1_53' title='bbox 195 825 362 908; x_wconf 89' lang='lat' dir='ltr'>processit.</span> 
     </span>
    </p>

    <p class='ocr_par' dir='ltr' id='par_1_3' title="bbox 68 910 1185 3633">
     <span class='ocr_line' id='line_1_9' title="bbox 68 910 1181 995; baseline -0.004 -15"><span class='ocrx_word' id='word_1_54' title='bbox 68 915 108 980; x_wconf 90' lang='lat'>16</span> <span class='ocrx_word' id='word_1_55' title='bbox 207 912 283 978; x_wconf 91' lang='lat' dir='ltr'>Inde</span> <span class='ocrx_word' id='word_1_56' title='bbox 306 917 439 977; x_wconf 81' lang='lat' dir='ltr'>ventum</span> <span class='ocrx_word' id='word_1_57' title='bbox 463 914 514 976; x_wconf 92' lang='lat' dir='ltr'>est</span> <span class='ocrx_word' id='word_1_58' title='bbox 536 912 570 975; x_wconf 90' lang='lat' dir='ltr'>in</span> <span class='ocrx_word' id='word_1_59' title='bbox 592 912 757 995; x_wconf 83' lang='lat' dir='ltr'>regionem</span> <span class='ocrx_word' id='word_1_60' title='bbox 777 910 990 978; x_wconf 78' lang='lat' dir='ltr'>Sudracarum</span> <span class='ocrx_word' id='word_1_61' title='bbox 1014 914 1181 979; x_wconf 83' lang='lat' dir='ltr'>Mallo-15</span> 
     </span>
     <span class='ocr_line' id='line_1_10' title="bbox 119 999 1130 1084; baseline 0.002 -19"><span class='ocrx_word' id='word_1_62' title='bbox 119 1023 269 1084; x_wconf 91' lang='lat' dir='ltr'>rumque,</span> <span class='ocrx_word' id='word_1_63' title='bbox 288 1021 368 1084; x_wconf 88' lang='lat' dir='ltr'>quos</span> <span class='ocrx_word' id='word_1_64' title='bbox 387 1000 469 1064; x_wconf 91' lang='lat' dir='ltr'>alias</span> <span class='ocrx_word' id='word_1_65' title='bbox 487 1000 608 1063; x_wconf 89' lang='lat' dir='ltr'>bellare</span> <span class='ocrx_word' id='word_1_66' title='bbox 626 999 710 1064; x_wconf 88' lang='lat' dir='ltr'>inter</span> <span class='ocrx_word' id='word_1_67' title='bbox 726 1021 760 1063; x_wconf 90' lang='lat' dir='ltr'>se</span> <span class='ocrx_word' id='word_1_68' title='bbox 775 1000 889 1064; x_wconf 90' lang='lat' dir='ltr'>solitos</span> <span class='ocrx_word' id='word_1_69' title='bbox 904 1005 981 1066; x_wconf 90' lang='lat' dir='ltr'>tune</span> <span class='ocrx_word' id='word_1_70' title='bbox 994 1004 1130 1084; x_wconf 89' lang='lat' dir='ltr'>periculi</span> 
     </span>
     <span class='ocr_line' id='line_1_11' title="bbox 120 1087 1129 1172; baseline 0.001 -19"><span class='ocrx_word' id='word_1_71' title='bbox 120 1089 259 1153; x_wconf 89' lang='lat' dir='ltr'>societas</span> <span class='ocrx_word' id='word_1_72' title='bbox 277 1088 433 1151; x_wconf 88' lang='lat' dir='ltr'>iunxerat.</span> <span class='ocrx_word' id='word_1_73' title='bbox 469 1087 658 1171; x_wconf 74' lang='lat' dir='ltr'>Nonaginta</span> <span class='ocrx_word' id='word_1_74' title='bbox 681 1087 774 1151; x_wconf 89' lang='lat' dir='ltr'>milia</span> <span class='ocrx_word' id='word_1_75' title='bbox 797 1087 960 1153; x_wconf 89' lang='lat' dir='ltr'>iuniorum</span> <span class='ocrx_word' id='word_1_76' title='bbox 985 1091 1129 1172; x_wconf 86' lang='lat' dir='ltr'>peditum</span> 
     </span>
     <span class='ocr_line' id='line_1_12' title="bbox 119 1175 1129 1263; baseline 0.001 -23"><span class='ocrx_word' id='word_1_77' title='bbox 119 1178 153 1241; x_wconf 92' lang='lat' dir='ltr'>in</span> <span class='ocrx_word' id='word_1_78' title='bbox 176 1177 275 1240; x_wconf 90' lang='lat' dir='ltr'>armis</span> <span class='ocrx_word' id='word_1_79' title='bbox 298 1178 404 1260; x_wconf 88' lang='lat' dir='ltr'>erant,</span> <span class='ocrx_word' id='word_1_80' title='bbox 427 1180 554 1259; x_wconf 86' lang='lat' dir='ltr'>praeter</span> <span class='ocrx_word' id='word_1_81' title='bbox 574 1175 634 1239; x_wconf 90' lang='lat' dir='ltr'>hos</span> <span class='ocrx_word' id='word_1_82' title='bbox 659 1175 804 1258; x_wconf 91' lang='lat' dir='ltr'>equitum</span> <span class='ocrx_word' id='word_1_83' title='bbox 826 1193 851 1239; x_wconf 91' lang='lat' dir='ltr'><strong>x</strong></span> <span class='ocrx_word' id='word_1_84' title='bbox 874 1176 965 1240; x_wconf 90' lang='lat' dir='ltr'>milia</span> <span class='ocrx_word' id='word_1_85' title='bbox 986 1199 1129 1263; x_wconf 86' lang='lat' dir='ltr'>nongen-</span> 
     </span>
     <span class='ocr_line' id='line_1_13' title="bbox 119 1262 1182 1349; baseline -0.004 -21"><span class='ocrx_word' id='word_1_86' title='bbox 119 1268 236 1349; x_wconf 88' lang='lat' dir='ltr'>taeque</span> <span class='ocrx_word' id='word_1_87' title='bbox 254 1263 439 1348; x_wconf 84' lang='lat' dir='ltr'>quadrigae.</span> <span class='ocrx_word' id='word_1_88' title='bbox 481 1263 527 1328; x_wconf 88' lang='lat' dir='ltr'>At</span> <span class='ocrx_word' id='word_1_89' title='bbox 544 1262 745 1346; x_wconf 81' lang='lat' dir='ltr'>Macedones,</span> <span class='ocrx_word' id='word_1_90' title='bbox 763 1263 819 1348; x_wconf 90' lang='lat' dir='ltr'>qui</span> <span class='ocrx_word' id='word_1_91' title='bbox 838 1264 927 1328; x_wconf 92' lang='lat' dir='ltr'>omni</span> <span class='ocrx_word' id='word_1_92' title='bbox 946 1264 1129 1330; x_wconf 91' lang='lat' dir='ltr'>discrimine</span> <span class='ocrx_word' id='word_1_93' title='bbox 1150 1277 1182 1325; x_wconf 84' lang='lat' dir='ltr'>lo</span> 
     </span>
     <span class='ocr_line' id='line_1_14' title="bbox 120 1350 1129 1436; baseline 0.001 -20"><span class='ocrx_word' id='word_1_94' title='bbox 120 1353 186 1417; x_wconf 92' lang='lat' dir='ltr'>iam</span> <span class='ocrx_word' id='word_1_95' title='bbox 205 1350 373 1416; x_wconf 84' lang='lat' dir='ltr'>defunctos</span> <span class='ocrx_word' id='word_1_96' title='bbox 393 1372 427 1416; x_wconf 89' lang='lat' dir='ltr'>se</span> <span class='ocrx_word' id='word_1_97' title='bbox 447 1372 516 1415; x_wconf 90' lang='lat' dir='ltr'>esse</span> <span class='ocrx_word' id='word_1_98' title='bbox 536 1352 749 1433; x_wconf 88' lang='lat' dir='ltr'>crediderant,</span> <span class='ocrx_word' id='word_1_99' title='bbox 772 1355 945 1435; x_wconf 72' lang='lat' dir='ltr'>postquam</span> <span class='ocrx_word' id='word_1_100' title='bbox 965 1353 1129 1436; x_wconf 88' lang='lat' dir='ltr'>integrum</span> 
     </span>
     <span class='ocr_line' id='line_1_15' title="bbox 120 1438 1130 1524; baseline 0.001 -20"><span class='ocrx_word' id='word_1_101' title='bbox 120 1441 243 1505; x_wconf 92' lang='lat' dir='ltr'>bellum</span> <span class='ocrx_word' id='word_1_102' title='bbox 281 1461 352 1504; x_wconf 91' lang='lat' dir='ltr'>cum</span> <span class='ocrx_word' id='word_1_103' title='bbox 388 1439 596 1504; x_wconf 88' lang='lat' dir='ltr'>ferocissimis</span> <span class='ocrx_word' id='word_1_104' title='bbox 630 1438 741 1503; x_wconf 90' lang='lat' dir='ltr'>Indiae</span> <span class='ocrx_word' id='word_1_105' title='bbox 779 1441 931 1524; x_wconf 89' lang='lat' dir='ltr'>gentibus</span> <span class='ocrx_word' id='word_1_106' title='bbox 963 1462 1130 1524; x_wconf 90' lang='lat' dir='ltr'>superesse</span> 
     </span>
     <span class='ocr_line' id='line_1_16' title="bbox 120 1526 1130 1612; baseline 0.002 -20"><span class='ocrx_word' id='word_1_107' title='bbox 120 1532 353 1612; x_wconf 84' lang='lat' dir='ltr'>cognoverunt,</span> <span class='ocrx_word' id='word_1_108' title='bbox 385 1526 548 1612; x_wconf 86' lang='lat' dir='ltr'>inproviso</span> <span class='ocrx_word' id='word_1_109' title='bbox 579 1531 667 1591; x_wconf 91' lang='lat' dir='ltr'>metu</span> <span class='ocrx_word' id='word_1_110' title='bbox 695 1527 801 1592; x_wconf 88' lang='lat' dir='ltr'>territi</span> <span class='ocrx_word' id='word_1_111' title='bbox 827 1550 937 1593; x_wconf 89' lang='lat' dir='ltr'>rursus</span> <span class='ocrx_word' id='word_1_112' title='bbox 966 1529 1130 1594; x_wconf 84' lang='lat' dir='ltr'>seditiosis</span> 
     </span>
     <span class='ocr_line' id='line_1_17' title="bbox 119 1613 1182 1701; baseline -0.006 -20"><span class='ocrx_word' id='word_1_113' title='bbox 119 1617 253 1681; x_wconf 85' lang='lat' dir='ltr'>vocibus</span> <span class='ocrx_word' id='word_1_114' title='bbox 272 1635 382 1699; x_wconf 85' lang='lat' dir='ltr'>regem</span> <span class='ocrx_word' id='word_1_115' title='bbox 400 1616 565 1698; x_wconf 88' lang='lat' dir='ltr'>increpare</span> <span class='ocrx_word' id='word_1_116' title='bbox 584 1620 771 1698; x_wconf 88' lang='lat' dir='ltr'>coeperunt:</span> <span class='ocrx_word' id='word_1_117' title='bbox 792 1613 929 1700; x_wconf 83' lang='lat' dir='ltr'>Gangen</span> <span class='ocrx_word' id='word_1_118' title='bbox 947 1638 1075 1681; x_wconf 93' lang='lat' dir='ltr'>amnem</span> <span class='ocrx_word' id='word_1_119' title='bbox 1089 1621 1130 1701; x_wconf 89' lang='lat' dir='ltr'>et,</span> <span class='ocrx_word' id='word_1_120' title='bbox 1151 1628 1182 1676; x_wconf 72' lang='lat'>1⁷</span> 
     </span>
     <span class='ocr_line' id='line_1_18' title="bbox 120 1703 1132 1787; baseline 0.003 -21"><span class='ocrx_word' id='word_1_121' title='bbox 120 1725 202 1787; x_wconf 87' lang='lat' dir='ltr'>quae</span> <span class='ocrx_word' id='word_1_122' title='bbox 229 1703 317 1766; x_wconf 86' lang='lat' dir='ltr'>ultra</span> <span class='ocrx_word' id='word_1_123' title='bbox 344 1706 468 1783; x_wconf 89' lang='lat' dir='ltr'>essent,</span> <span class='ocrx_word' id='word_1_124' title='bbox 498 1704 646 1766; x_wconf 87' lang='lat' dir='ltr'>coactum</span> <span class='ocrx_word' id='word_1_125' title='bbox 668 1703 903 1786; x_wconf 88' lang='lat' dir='ltr'>transmittere,</span> <span class='ocrx_word' id='word_1_126' title='bbox 928 1725 995 1768; x_wconf 89' lang='lat' dir='ltr'>non</span> <span class='ocrx_word' id='word_1_127' title='bbox 1020 1707 1132 1769; x_wconf 92' lang='lat' dir='ltr'>tamen</span> 
     </span>
     <span class='ocr_line' id='line_1_19' title="bbox 120 1789 1130 1875; baseline 0.002 -21"><span class='ocrx_word' id='word_1_128' title='bbox 120 1791 245 1873; x_wconf 86' lang='lat' dir='ltr'>finisse,</span> <span class='ocrx_word' id='word_1_129' title='bbox 278 1790 333 1854; x_wconf 91' lang='lat' dir='ltr'>sed</span> <span class='ocrx_word' id='word_1_130' title='bbox 366 1791 507 1852; x_wconf 84' lang='lat' dir='ltr'>mutasse</span> <span class='ocrx_word' id='word_1_131' title='bbox 539 1789 669 1853; x_wconf 86' lang='lat' dir='ltr'>bellum.</span> <span class='ocrx_word' id='word_1_132' title='bbox 713 1789 885 1854; x_wconf 88' lang='lat' dir='ltr'>Indomitis</span> <span class='ocrx_word' id='word_1_133' title='bbox 918 1793 1068 1875; x_wconf 85' lang='lat' dir='ltr'>gentibus</span> <span class='ocrx_word' id='word_1_134' title='bbox 1096 1813 1130 1856; x_wconf 90' lang='lat' dir='ltr'>se</span> 
     </span>
     <span class='ocr_line' id='line_1_20' title="bbox 121 1875 1183 1961; baseline -0.003 -19"><span class='ocrx_word' id='word_1_135' title='bbox 121 1878 273 1961; x_wconf 90' lang='lat' dir='ltr'>obiectos,</span> <span class='ocrx_word' id='word_1_136' title='bbox 292 1881 329 1941; x_wconf 90' lang='lat' dir='ltr'>ut</span> <span class='ocrx_word' id='word_1_137' title='bbox 347 1877 504 1961; x_wconf 89' lang='lat' dir='ltr'>sanguine</span> <span class='ocrx_word' id='word_1_138' title='bbox 524 1898 581 1940; x_wconf 89' lang='lat' dir='ltr'>suo</span> <span class='ocrx_word' id='word_1_139' title='bbox 601 1875 762 1960; x_wconf 89' lang='lat' dir='ltr'>aperirent</span> <span class='ocrx_word' id='word_1_140' title='bbox 780 1878 809 1940; x_wconf 89' lang='lat' dir='ltr'>ei</span> <span class='ocrx_word' id='word_1_141' title='bbox 829 1877 998 1944; x_wconf 88' lang='lat' dir='ltr'>Oceanum.</span> <span class='ocrx_word' id='word_1_142' title='bbox 1030 1879 1131 1943; x_wconf 85' lang='lat' dir='ltr'>Trahi</span> <span class='ocrx_word' id='word_1_143' title='bbox 1151 1891 1183 1939; x_wconf 86' lang='lat'>18</span> 
     </span>
     <span class='ocr_line' id='line_1_21' title="bbox 122 1965 1131 2050; baseline 0.002 -21"><span class='ocrx_word' id='word_1_144' title='bbox 122 1969 213 2029; x_wconf 85' lang='lat' dir='ltr'>extra</span> <span class='ocrx_word' id='word_1_145' title='bbox 234 1965 341 2043; x_wconf 16' lang='lat' dir='ltr'>,sidera</span> <span class='ocrx_word' id='word_1_146' title='bbox 364 1967 397 2030; x_wconf 89' lang='lat' dir='ltr'>et</span> <span class='ocrx_word' id='word_1_147' title='bbox 424 1965 525 2028; x_wconf 91' lang='lat' dir='ltr'>solem</span> <span class='ocrx_word' id='word_1_148' title='bbox 549 1966 683 2049; x_wconf 87' lang='lat' dir='ltr'>cogique</span> <span class='ocrx_word' id='word_1_149' title='bbox 707 1965 807 2050; x_wconf 92' lang='lat' dir='ltr'>adire,</span> <span class='ocrx_word' id='word_1_150' title='bbox 838 1987 918 2050; x_wconf 87' lang='lat' dir='ltr'>quae</span> <span class='ocrx_word' id='word_1_151' title='bbox 947 1967 1131 2032; x_wconf 86' lang='lat' dir='ltr'>mortalium</span> 
     </span>
     <span class='ocr_line' id='line_1_22' title="bbox 122 2051 1131 2121; baseline 0.001 -2"><span class='ocrx_word' id='word_1_152' title='bbox 122 2053 222 2119; x_wconf 79' lang='lat' dir='ltr'>oculIs</span> <span class='ocrx_word' id='word_1_153' title='bbox 241 2056 358 2118; x_wconf 86' lang='lat' dir='ltr'>natura</span> <span class='ocrx_word' id='word_1_154' title='bbox 377 2052 574 2117; x_wconf 87' lang='lat' dir='ltr'>subduxerit.</span> <span class='ocrx_word' id='word_1_155' title='bbox 605 2051 636 2117; x_wconf 91' lang='lat' dir='ltr'>N</span> <span class='ocrx_word' id='word_1_156' title='bbox 638 2053 706 2117; x_wconf 85' lang='lat' dir='ltr'>ovis</span> <span class='ocrx_word' id='word_1_157' title='bbox 724 2053 899 2118; x_wconf 90' lang='lat' dir='ltr'>identidem</span> <span class='ocrx_word' id='word_1_158' title='bbox 916 2055 1016 2119; x_wconf 89' lang='lat' dir='ltr'>armis</span> <span class='ocrx_word' id='word_1_159' title='bbox 1030 2076 1131 2121; x_wconf 87' lang='lat' dir='ltr'>novos</span> 
     </span>
     <span class='ocr_line' id='line_1_23' title="bbox 121 2141 1132 2229; baseline 0.004 -25"><span class='ocrx_word' id='word_1_160' title='bbox 121 2142 234 2207; x_wconf 88' lang='lat' dir='ltr'>hostes</span> <span class='ocrx_word' id='word_1_161' title='bbox 249 2141 395 2206; x_wconf 86' lang='lat' dir='ltr'>existere.</span> <span class='ocrx_word' id='word_1_162' title='bbox 419 2141 505 2216; x_wconf 85' lang='lat' dir='ltr'>Quos</span> <span class='ocrx_word' id='word_1_163' title='bbox 520 2145 557 2205; x_wconf 90' lang='lat' dir='ltr'>ut</span> <span class='ocrx_word' id='word_1_164' title='bbox 570 2163 681 2206; x_wconf 90' lang='lat' dir='ltr'>omnes</span> <span class='ocrx_word' id='word_1_165' title='bbox 695 2141 835 2206; x_wconf 88' lang='lat' dir='ltr'>fundant</span> <span class='ocrx_word' id='word_1_166' title='bbox 846 2141 1033 2227; x_wconf 82' lang='lat' dir='ltr'>fugantque,</span> <span class='ocrx_word' id='word_1_167' title='bbox 1047 2144 1132 2229; x_wconf 91' lang='lat' dir='ltr'>quod</span> 
     </span>
     <span class='ocr_line' id='line_1_24' title="bbox 121 2228 1133 2313; baseline 0.001 -20"><span class='ocrx_word' id='word_1_168' title='bbox 121 2230 301 2313; x_wconf 88' lang='lat' dir='ltr'>praemium</span> <span class='ocrx_word' id='word_1_169' title='bbox 333 2230 422 2312; x_wconf 89' lang='lat' dir='ltr'>ipsos</span> <span class='ocrx_word' id='word_1_170' title='bbox 454 2228 605 2293; x_wconf 84' lang='lat' dir='ltr'>manere?</span> <span class='ocrx_word' id='word_1_171' title='bbox 643 2229 817 2313; x_wconf 84' lang='lat' dir='ltr'>caliginem</span> <span class='ocrx_word' id='word_1_172' title='bbox 849 2251 886 2294; x_wconf 91' lang='lat' dir='ltr'>ac</span> <span class='ocrx_word' id='word_1_173' title='bbox 917 2231 1067 2294; x_wconf 89' lang='lat' dir='ltr'>tenebras</span> <span class='ocrx_word' id='word_1_174' title='bbox 1101 2235 1133 2294; x_wconf 88' lang='lat' dir='ltr'>et</span> 
     </span>
     <span class='ocr_line' id='line_1_25' title="bbox 121 2317 1133 2401; baseline 0 -20"><span class='ocrx_word' id='word_1_175' title='bbox 121 2323 311 2401; x_wconf 88' lang='lat' dir='ltr'>perpetuam</span> <span class='ocrx_word' id='word_1_176' title='bbox 325 2321 452 2382; x_wconf 89' lang='lat' dir='ltr'>noctem</span> <span class='ocrx_word' id='word_1_177' title='bbox 468 2317 627 2401; x_wconf 88' lang='lat' dir='ltr'>profundo</span> <span class='ocrx_word' id='word_1_178' title='bbox 640 2317 850 2382; x_wconf 88' lang='lat' dir='ltr'>incubantem</span> <span class='ocrx_word' id='word_1_179' title='bbox 864 2319 955 2400; x_wconf 90' lang='lat' dir='ltr'>mari,</span> <span class='ocrx_word' id='word_1_180' title='bbox 973 2319 1133 2400; x_wconf 88' lang='lat' dir='ltr'>repletum</span> 
     </span>
     <span class='ocr_line' id='line_1_26' title="bbox 121 2404 1133 2489; baseline -0.002 -19"><span class='ocrx_word' id='word_1_181' title='bbox 121 2406 313 2470; x_wconf 90' lang='lat' dir='ltr'>immanium</span> <span class='ocrx_word' id='word_1_182' title='bbox 326 2406 493 2470; x_wconf 87' lang='lat' dir='ltr'>beluarum</span> <span class='ocrx_word' id='word_1_183' title='bbox 512 2405 667 2489; x_wconf 85' lang='lat' dir='ltr'>gregibus</span> <span class='ocrx_word' id='word_1_184' title='bbox 686 2404 814 2486; x_wconf 87' lang='lat' dir='ltr'>fretum,</span> <span class='ocrx_word' id='word_1_185' title='bbox 832 2404 1007 2469; x_wconf 85' lang='lat' dir='ltr'>inmobiles</span> <span class='ocrx_word' id='word_1_186' title='bbox 1021 2405 1133 2488; x_wconf 88' lang='lat' dir='ltr'>undas,</span> 
     </span>
     <span class='ocr_line' id='line_1_27' title="bbox 121 2491 1184 2644; baseline -0.001 0"><span class='ocrx_word' id='word_1_187' title='bbox 121 2491 943 2644; x_wconf 54' lang='lat' dir='ltr'>tuqlllellmlllllallllmalliile‘ladl}</span> <span class='ocrx_word' id='word_1_188' title='bbox 972 2513 1134 2643; x_wconf 52' lang='lat' dir='ltr'>blas</span> <span class='ocrx_word' id='word_1_189' title='bbox 1154 2504 1184 2552; x_wconf 81' lang='lat'>¹⁹</span> 
     </span>
     <span class='ocr_line' id='line_1_28' title="bbox 123 2665 1133 2750; baseline 0 -19"><span class='ocrx_word' id='word_1_190' title='bbox 123 2668 229 2750; x_wconf 89' lang='lat' dir='ltr'>docet,</span> <span class='ocrx_word' id='word_1_191' title='bbox 267 2666 404 2730; x_wconf 90' lang='lat' dir='ltr'>inbelles</span> <span class='ocrx_word' id='word_1_192' title='bbox 442 2686 525 2746; x_wconf 88' lang='lat' dir='ltr'>esse,</span> <span class='ocrx_word' id='word_1_193' title='bbox 562 2686 642 2748; x_wconf 88' lang='lat' dir='ltr'>quos</span> <span class='ocrx_word' id='word_1_194' title='bbox 683 2667 837 2729; x_wconf 87' lang='lat' dir='ltr'>metuant.</span> <span class='ocrx_word' id='word_1_195' title='bbox 891 2665 983 2730; x_wconf 90' lang='lat' dir='ltr'>Nihil</span> <span class='ocrx_word' id='word_1_196' title='bbox 1020 2666 1133 2732; x_wconf 91' lang='lat' dir='ltr'>deinde</span> 
     </span>
     <span class='ocr_line' id='line_1_29' title="bbox 122 2751 1134 2838; baseline 0 -20"><span class='ocrx_word' id='word_1_197' title='bbox 122 2759 251 2838; x_wconf 87' lang='lat' dir='ltr'>praeter</span> <span class='ocrx_word' id='word_1_198' title='bbox 272 2754 333 2817; x_wconf 90' lang='lat' dir='ltr'>has</span> <span class='ocrx_word' id='word_1_199' title='bbox 356 2756 469 2836; x_wconf 90' lang='lat' dir='ltr'>gentes</span> <span class='ocrx_word' id='word_1_200' title='bbox 489 2753 632 2835; x_wconf 87' lang='lat' dir='ltr'>obstare,</span> <span class='ocrx_word' id='word_1_201' title='bbox 655 2751 827 2836; x_wconf 90' lang='lat' dir='ltr'>quominus</span> <span class='ocrx_word' id='word_1_202' title='bbox 850 2755 1011 2817; x_wconf 89' lang='lat' dir='ltr'>terrarum</span> <span class='ocrx_word' id='word_1_203' title='bbox 1028 2755 1134 2837; x_wconf 87' lang='lat' dir='ltr'>spatia</span> 
     </span>
     <span class='ocr_line' id='line_1_30' title="bbox 125 2840 1133 2925; baseline 0 -19"><span class='ocrx_word' id='word_1_204' title='bbox 125 2842 246 2907; x_wconf 90' lang='lat' dir='ltr'>emensi</span> <span class='ocrx_word' id='word_1_205' title='bbox 268 2841 308 2905; x_wconf 90' lang='lat' dir='ltr'>ad</span> <span class='ocrx_word' id='word_1_206' title='bbox 331 2841 426 2904; x_wconf 89' lang='lat' dir='ltr'>finem</span> <span class='ocrx_word' id='word_1_207' title='bbox 449 2840 546 2904; x_wconf 91' lang='lat' dir='ltr'>simul</span> <span class='ocrx_word' id='word_1_208' title='bbox 569 2840 680 2904; x_wconf 92' lang='lat' dir='ltr'>mundi</span> <span class='ocrx_word' id='word_1_209' title='bbox 703 2841 914 2925; x_wconf 89' lang='lat' dir='ltr'>laborumque</span> <span class='ocrx_word' id='word_1_210' title='bbox 936 2842 1133 2924; x_wconf 86' lang='lat' dir='ltr'>perveniant.</span> 
     </span>
     <span class='ocr_line' id='line_1_31' title="bbox 124 2927 1185 3013; baseline -0.006 -19"><span class='ocrx_word' id='word_1_211' title='bbox 124 2930 267 2995; x_wconf 84' lang='lat' dir='ltr'>Oessisse</span> <span class='ocrx_word' id='word_1_212' title='bbox 289 2948 321 2994; x_wconf 82' lang='lat' dir='ltr'>se</span> <span class='ocrx_word' id='word_1_213' title='bbox 346 2928 413 2992; x_wconf 89' lang='lat' dir='ltr'>illis</span> <span class='ocrx_word' id='word_1_214' title='bbox 437 2928 654 2992; x_wconf 87' lang='lat' dir='ltr'>metuentibus</span> <span class='ocrx_word' id='word_1_215' title='bbox 679 2927 812 3013; x_wconf 82' lang='lat' dir='ltr'>Gangen</span> <span class='ocrx_word' id='word_1_216' title='bbox 836 2932 869 2992; x_wconf 90' lang='lat' dir='ltr'>et</span> <span class='ocrx_word' id='word_1_217' title='bbox 892 2930 1132 2995; x_wconf 90' lang='lat' dir='ltr'>multitudinem</span> <span class='ocrx_word' id='word_1_218' title='bbox 1151 2941 1185 2989; x_wconf 77' lang='lat'>20</span> 
     </span>
     <span class='ocr_line' id='line_1_32' title="bbox 123 3016 1134 3101; baseline -0.002 -18"><span class='ocrx_word' id='word_1_219' title='bbox 123 3019 305 3100; x_wconf 89' lang='lat' dir='ltr'>nationum,</span> <span class='ocrx_word' id='word_1_220' title='bbox 333 3039 415 3101; x_wconf 89' lang='lat' dir='ltr'>quae</span> <span class='ocrx_word' id='word_1_221' title='bbox 441 3017 528 3081; x_wconf 89' lang='lat' dir='ltr'>ultra</span> <span class='ocrx_word' id='word_1_222' title='bbox 562 3037 689 3080; x_wconf 89' lang='lat' dir='ltr'>amnem</span> <span class='ocrx_word' id='word_1_223' title='bbox 721 3019 839 3080; x_wconf 89' lang='lat' dir='ltr'>essent:</span> <span class='ocrx_word' id='word_1_224' title='bbox 867 3016 1044 3092; x_wconf 85' lang='lat' dir='ltr'>declinasse</span> <span class='ocrx_word' id='word_1_225' title='bbox 1072 3019 1134 3081; x_wconf 82' lang='lat' dir='ltr'>iter</span> 
     </span>
     <span class='ocr_line' id='line_1_33' title="bbox 124 3103 1184 3190; baseline -0.008 -19"><span class='ocrx_word' id='word_1_226' title='bbox 124 3129 172 3190; x_wconf 87' lang='lat' dir='ltr'>eo,</span> <span class='ocrx_word' id='word_1_227' title='bbox 194 3107 250 3170; x_wconf 92' lang='lat' dir='ltr'>ubi</span> <span class='ocrx_word' id='word_1_228' title='bbox 273 3126 332 3190; x_wconf 89' lang='lat' dir='ltr'>par</span> <span class='ocrx_word' id='word_1_229' title='bbox 355 3104 473 3188; x_wconf 90' lang='lat' dir='ltr'>gloria,</span> <span class='ocrx_word' id='word_1_230' title='bbox 500 3105 606 3168; x_wconf 89' lang='lat' dir='ltr'>minus</span> <span class='ocrx_word' id='word_1_231' title='bbox 634 3105 810 3188; x_wconf 90' lang='lat' dir='ltr'>periculum</span> <span class='ocrx_word' id='word_1_232' title='bbox 832 3108 927 3169; x_wconf 89' lang='lat' dir='ltr'>esset.</span> <span class='ocrx_word' id='word_1_233' title='bbox 966 3103 1038 3169; x_wconf 89' lang='lat' dir='ltr'>Iam</span> <span class='ocrx_word' id='word_1_234' title='bbox 1061 3127 1133 3189; x_wconf 92' lang='lat' dir='ltr'>pro·</span> <span class='ocrx_word' id='word_1_235' title='bbox 1152 3116 1184 3164; x_wconf 74' lang='lat'>21</span> 
     </span>
     <span class='ocr_line' id='line_1_34' title="bbox 125 3192 1133 3278; baseline 0 -20"><span class='ocrx_word' id='word_1_236' title='bbox 125 3197 246 3278; x_wconf 89' lang='lat' dir='ltr'>spicere</span> <span class='ocrx_word' id='word_1_237' title='bbox 283 3215 318 3258; x_wconf 91' lang='lat' dir='ltr'>se</span> <span class='ocrx_word' id='word_1_238' title='bbox 347 3192 523 3276; x_wconf 86' lang='lat' dir='ltr'>Oceanum,</span> <span class='ocrx_word' id='word_1_239' title='bbox 559 3193 624 3256; x_wconf 90' lang='lat' dir='ltr'>iam</span> <span class='ocrx_word' id='word_1_240' title='bbox 660 3193 796 3277; x_wconf 86' lang='lat' dir='ltr'>perflare</span> <span class='ocrx_word' id='word_1_241' title='bbox 828 3192 868 3256; x_wconf 89' lang='lat' dir='ltr'>ad</span> <span class='ocrx_word' id='word_1_242' title='bbox 899 3193 989 3276; x_wconf 90' lang='lat' dir='ltr'>ipsos</span> <span class='ocrx_word' id='word_1_243' title='bbox 1005 3215 1133 3265; x_wconf 59' lang='lat' dir='ltr'>‘auram</span> 
     </span>
     <span class='ocr_line' id='line_1_35' title="bbox 125 3280 1132 3364; baseline 0.001 -20"><span class='ocrx_word' id='word_1_244' title='bbox 125 3282 233 3345; x_wconf 89' lang='lat' dir='ltr'>maris.</span> <span class='ocrx_word' id='word_1_245' title='bbox 265 3281 316 3346; x_wconf 89' lang='lat' dir='ltr'>Ne</span> <span class='ocrx_word' id='word_1_246' title='bbox 334 3281 515 3345; x_wconf 80' lang='lat' dir='ltr'>inviderent</span> <span class='ocrx_word' id='word_1_247' title='bbox 533 3280 596 3344; x_wconf 90' lang='lat' dir='ltr'>sibi</span> <span class='ocrx_word' id='word_1_248' title='bbox 615 3280 752 3364; x_wconf 80' lang='lat' dir='ltr'>laudem,</span> <span class='ocrx_word' id='word_1_249' title='bbox 776 3301 871 3364; x_wconf 92' lang='lat' dir='ltr'>quam</span> <span class='ocrx_word' id='word_1_250' title='bbox 889 3283 1021 3364; x_wconf 87' lang='lat' dir='ltr'>peteret.</span> <span class='ocrx_word' id='word_1_251' title='bbox 1052 3280 1132 3346; x_wconf 92' lang='lat' dir='ltr'>Her-</span> 
     </span>
     <span class='ocr_line' id='line_1_36' title="bbox 124 3367 1134 3453; baseline -0.001 -19"><span class='ocrx_word' id='word_1_252' title='bbox 124 3370 204 3434; x_wconf 88' lang='lat' dir='ltr'>culis</span> <span class='ocrx_word' id='word_1_253' title='bbox 228 3372 261 3433; x_wconf 87' lang='lat' dir='ltr'>et</span> <span class='ocrx_word' id='word_1_254' title='bbox 283 3367 390 3434; x_wconf 87' lang='lat' dir='ltr'>Liberi</span> <span class='ocrx_word' id='word_1_255' title='bbox 413 3368 520 3433; x_wconf 89' lang='lat' dir='ltr'>Patris</span> <span class='ocrx_word' id='word_1_256' title='bbox 547 3369 702 3433; x_wconf 91' lang='lat' dir='ltr'>terminos</span> <span class='ocrx_word' id='word_1_257' title='bbox 729 3369 925 3433; x_wconf 89' lang='lat' dir='ltr'>transituros</span> <span class='ocrx_word' id='word_1_258' title='bbox 948 3369 1038 3452; x_wconf 92' lang='lat' dir='ltr'>illos,</span> <span class='ocrx_word' id='word_1_259' title='bbox 1064 3370 1134 3453; x_wconf 88' lang='lat' dir='ltr'>regi</span> 
     </span>
     <span class='ocr_line' id='line_1_37' title="bbox 119 3455 1146 3540; baseline -0.009 -18"><span class='ocrx_word' id='word_1_260' title='bbox 119 3474 182 3522; x_wconf 80' lang='lat' dir='ltr'>suo</span> <span class='ocrx_word' id='word_1_261' title='bbox 217 3478 317 3540; x_wconf 86' lang='lat' dir='ltr'>parvo</span> <span class='ocrx_word' id='word_1_262' title='bbox 349 3457 500 3540; x_wconf 87' lang='lat' dir='ltr'>inpendio</span> <span class='ocrx_word' id='word_1_263' title='bbox 537 3456 820 3523; x_wconf 87' lang='lat' dir='ltr'>immortalitatem</span> <span class='ocrx_word' id='word_1_264' title='bbox 854 3455 962 3521; x_wconf 82' lang='lat' dir='ltr'>famae</span> <span class='ocrx_word' id='word_1_265' title='bbox 992 3457 1146 3519; x_wconf 68' lang='lat' dir='ltr'>daturas.</span> 
     </span>
     <span class='ocr_line' id='line_1_38' title="bbox 124 3544 941 3633; baseline -0.005 -23"><span class='ocrx_word' id='word_1_266' title='bbox 124 3545 316 3610; x_wconf 87' lang='lat' dir='ltr'>Paterentur</span> <span class='ocrx_word' id='word_1_267' title='bbox 338 3566 373 3609; x_wconf 89' lang='lat' dir='ltr'>se</span> <span class='ocrx_word' id='word_1_268' title='bbox 396 3566 434 3610; x_wconf 84' lang='lat' dir='ltr'>ex</span> <span class='ocrx_word' id='word_1_269' title='bbox 456 3544 551 3610; x_wconf 91' lang='lat' dir='ltr'>India</span> <span class='ocrx_word' id='word_1_270' title='bbox 573 3545 696 3633; x_wconf 88' lang='lat' dir='ltr'>redire,</span> <span class='ocrx_word' id='word_1_271' title='bbox 717 3567 790 3612; x_wconf 82' lang='lat' dir='ltr'>non</span> <span class='ocrx_word' id='word_1_272' title='bbox 808 3544 941 3629; x_wconf 75' lang='lat' dir='ltr'>lugere.</span> 
     </span>
    </p>
   </div>
   <div class='ocr_carea' id='block_1_3' title="bbox 0 0 1224 3892">
    <p class='ocr_par' dir='ltr' id='par_1_4' title="bbox 0 0 1224 3892">
     <span class='ocr_line' id='line_1_39' title="bbox 0 0 1224 3892; baseline 0 0"><span class='ocrx_word' id='word_1_273' title='bbox 0 0 1224 3892; x_wconf 95' lang='lat' dir='ltr'> </span> 
     </span>
    </p>
   </div>
  </div>
 </body>
</html>
