<?xml version="1.0" encoding="UTF-8"?>
<!DOCTYPE html PUBLIC "-//W3C//DTD XHTML 1.0 Transitional//EN"
    "http://www.w3.org/TR/xhtml1/DTD/xhtml1-transitional.dtd">
<html xmlns="http://www.w3.org/1999/xhtml" xml:lang="en" lang="en">
 <head>
  <title>
</title>
<meta http-equiv="Content-Type" content="text/html;charset=utf-8" />
  <meta name='ocr-system' content='tesseract 3.04.00' />
  <meta name='ocr-capabilities' content='ocr_page ocr_carea ocr_par ocr_line ocrx_word'/>
</head>
<body>
  <div class='ocr_page' id='page_1' title='image "./historiarumalex00rufugoog_0127.png"; bbox 0 0 2422 3892; ppageno 0'>
   <div class='ocr_carea' id='block_1_1' title="bbox 127 136 768 211">
    <p class='ocr_par' dir='ltr' id='par_1_1' title="bbox 127 136 768 211">
     <span class='ocr_line' id='line_1_1' title="bbox 127 136 768 211; baseline -0.002 -9"><span class='ocrx_word' id='word_1_1' title='bbox 127 136 170 211; x_wconf 79' lang='grc'>90</span> <span class='ocrx_word' id='word_1_2' title='bbox 494 145 525 211; x_wconf 82' lang='lat' dir='ltr'>Q.</span> <span class='ocrx_word' id='word_1_3' title='bbox 555 147 665 202; x_wconf 83' lang='lat' dir='ltr'>CURTI</span> <span class='ocrx_word' id='word_1_4' title='bbox 682 147 768 202; x_wconf 81' lang='lat' dir='ltr'>RUFI</span> 
     </span>
    </p>
   </div>
   <div class='ocr_carea' id='block_1_2' title="bbox 41 288 1139 1427">
    <p class='ocr_par' dir='ltr' id='par_1_2' title="bbox 41 288 1139 1427">
     <span class='ocr_line' id='line_1_2' title="bbox 124 288 1139 376; baseline -0.001 -20"><span class='ocrx_word' id='word_1_5' title='bbox 124 292 198 376; x_wconf 89' lang='lat' dir='ltr'>ipsa</span> <span class='ocrx_word' id='word_1_6' title='bbox 229 292 403 357; x_wconf 87' lang='lat' dir='ltr'>multorum</span> <span class='ocrx_word' id='word_1_7' title='bbox 435 292 531 355; x_wconf 89' lang='lat' dir='ltr'>simul</span> <span class='ocrx_word' id='word_1_8' title='bbox 556 291 705 356; x_wconf 80' lang='lat' dir='ltr'>manibus</span> <span class='ocrx_word' id='word_1_9' title='bbox 734 290 888 356; x_wconf 85' lang='lat' dir='ltr'>convulsa</span> <span class='ocrx_word' id='word_1_10' title='bbox 913 291 949 355; x_wconf 93' lang='lat' dir='ltr'>in</span> <span class='ocrx_word' id='word_1_11' title='bbox 976 288 1045 373; x_wconf 90' lang='lat' dir='ltr'>eos,</span> <span class='ocrx_word' id='word_1_12' title='bbox 1079 290 1139 375; x_wconf 90' lang='lat' dir='ltr'>qui</span> 
     </span>
     <span class='ocr_line' id='line_1_3' title="bbox 72 378 1138 463; baseline -0.005 -14"><span class='ocrx_word' id='word_1_13' title='bbox 72 401 106 449; x_wconf 80' lang='lat'>21</span> <span class='ocrx_word' id='word_1_14' title='bbox 126 383 363 463; x_wconf 75' lang='lat' dir='ltr'>commoverant,</span> <span class='ocrx_word' id='word_1_15' title='bbox 387 380 579 443; x_wconf 77' lang='lat' dir='ltr'>recidebant.</span> <span class='ocrx_word' id='word_1_16' title='bbox 613 378 682 444; x_wconf 92' lang='lat' dir='ltr'>Nec</span> <span class='ocrx_word' id='word_1_17' title='bbox 705 383 789 444; x_wconf 86' lang='lat' dir='ltr'>stare</span> <span class='ocrx_word' id='word_1_18' title='bbox 809 399 886 463; x_wconf 86' lang='lat' dir='ltr'>ergo</span> <span class='ocrx_word' id='word_1_19' title='bbox 904 380 1056 461; x_wconf 89' lang='lat' dir='ltr'>poterant</span> <span class='ocrx_word' id='word_1_20' title='bbox 1073 400 1138 444; x_wconf 89' lang='lat' dir='ltr'>nec</span> 
     </span>
     <span class='ocr_line' id='line_1_4' title="bbox 124 466 1137 552; baseline -0.001 -21"><span class='ocrx_word' id='word_1_21' title='bbox 124 467 200 550; x_wconf 88' lang='lat' dir='ltr'>niti,</span> <span class='ocrx_word' id='word_1_22' title='bbox 228 489 270 532; x_wconf 88' lang='lat' dir='ltr'>ne</span> <span class='ocrx_word' id='word_1_23' title='bbox 296 467 458 532; x_wconf 91' lang='lat' dir='ltr'>testudine</span> <span class='ocrx_word' id='word_1_24' title='bbox 486 467 615 550; x_wconf 90' lang='lat' dir='ltr'>quidem</span> <span class='ocrx_word' id='word_1_25' title='bbox 635 467 777 552; x_wconf 78' lang='lat' dir='ltr'>protegi,</span> <span class='ocrx_word' id='word_1_26' title='bbox 809 488 882 530; x_wconf 93' lang='lat' dir='ltr'>cum</span> <span class='ocrx_word' id='word_1_27' title='bbox 903 469 1015 530; x_wconf 89' lang='lat' dir='ltr'>tantae</span> <span class='ocrx_word' id='word_1_28' title='bbox 1038 466 1137 530; x_wconf 90' lang='lat' dir='ltr'>molis</span> 
     </span>
     <span class='ocr_line' id='line_1_5' title="bbox 126 553 1138 639; baseline -0.002 -19"><span class='ocrx_word' id='word_1_29' title='bbox 126 577 225 620; x_wconf 88' lang='lat' dir='ltr'>onera</span> <span class='ocrx_word' id='word_1_30' title='bbox 251 555 468 639; x_wconf 78' lang='lat' dir='ltr'>propellerent</span> <span class='ocrx_word' id='word_1_31' title='bbox 493 554 633 619; x_wconf 88' lang='lat' dir='ltr'>barbari.</span> <span class='ocrx_word' id='word_1_32' title='bbox 677 553 800 638; x_wconf 85' lang='lat' dir='ltr'>Regem</span> <span class='ocrx_word' id='word_1_33' title='bbox 823 576 890 633; x_wconf 90' lang='lat' dir='ltr'>non</span> <span class='ocrx_word' id='word_1_34' title='bbox 913 554 1005 618; x_wconf 93' lang='lat' dir='ltr'>dolor</span> <span class='ocrx_word' id='word_1_35' title='bbox 1028 553 1138 638; x_wconf 90' lang='lat' dir='ltr'>modo,</span> 
     </span>
     <span class='ocr_line' id='line_1_6' title="bbox 126 640 1138 726; baseline -0.002 -18"><span class='ocrx_word' id='word_1_36' title='bbox 126 643 182 708; x_wconf 89' lang='lat' dir='ltr'>sed</span> <span class='ocrx_word' id='word_1_37' title='bbox 215 644 312 708; x_wconf 90' lang='lat' dir='ltr'>etiam</span> <span class='ocrx_word' id='word_1_38' title='bbox 342 643 447 726; x_wconf 92' lang='lat' dir='ltr'>pudor</span> <span class='ocrx_word' id='word_1_39' title='bbox 477 645 597 707; x_wconf 89' lang='lat' dir='ltr'>temere</span> <span class='ocrx_word' id='word_1_40' title='bbox 628 642 663 706; x_wconf 93' lang='lat' dir='ltr'>in</span> <span class='ocrx_word' id='word_1_41' title='bbox 693 643 767 706; x_wconf 90' lang='lat' dir='ltr'>illas</span> <span class='ocrx_word' id='word_1_42' title='bbox 799 641 968 726; x_wconf 83' lang='lat' dir='ltr'>angustias</span> <span class='ocrx_word' id='word_1_43' title='bbox 995 640 1138 706; x_wconf 90' lang='lat' dir='ltr'>coniecti</span> 
     </span>
     <span class='ocr_line' id='line_1_7' title="bbox 72 728 1138 815; baseline -0.006 -16"><span class='ocrx_word' id='word_1_44' title='bbox 72 751 106 799; x_wconf 76' lang='lat' dir='ltr'>aa</span> <span class='ocrx_word' id='word_1_45' title='bbox 126 731 283 795; x_wconf 87' lang='lat' dir='ltr'>exercitus</span> <span class='ocrx_word' id='word_1_46' title='bbox 303 731 452 815; x_wconf 83' lang='lat' dir='ltr'>angebat.</span> <span class='ocrx_word' id='word_1_47' title='bbox 482 729 624 795; x_wconf 86' lang='lat' dir='ltr'>Invictus</span> <span class='ocrx_word' id='word_1_48' title='bbox 643 732 717 794; x_wconf 90' lang='lat' dir='ltr'>ante</span> <span class='ocrx_word' id='word_1_49' title='bbox 736 751 807 806; x_wconf 63' lang='lat' dir='ltr'>earn</span> <span class='ocrx_word' id='word_1_50' title='bbox 821 729 905 794; x_wconf 89' lang='lat' dir='ltr'>diem</span> <span class='ocrx_word' id='word_1_51' title='bbox 918 729 1032 813; x_wconf 89' lang='lat' dir='ltr'>fuerat,</span> <span class='ocrx_word' id='word_1_52' title='bbox 1050 728 1138 793; x_wconf 86' lang='lat' dir='ltr'>nihil</span> 
     </span>
     <span class='ocr_line' id='line_1_8' title="bbox 125 816 1137 901; baseline -0.001 -20"><span class='ocrx_word' id='word_1_53' title='bbox 125 818 247 882; x_wconf 88' lang='lat' dir='ltr'>frustra</span> <span class='ocrx_word' id='word_1_54' title='bbox 269 840 378 882; x_wconf 90' lang='lat' dir='ltr'>ausus:</span> <span class='ocrx_word' id='word_1_55' title='bbox 401 819 522 901; x_wconf 88' lang='lat' dir='ltr'>inpune</span> <span class='ocrx_word' id='word_1_56' title='bbox 546 816 676 882; x_wconf 79' lang='lat' dir='ltr'>Ciliciae</span> <span class='ocrx_word' id='word_1_57' title='bbox 698 817 807 883; x_wconf 86' lang='lat' dir='ltr'>fauces</span> <span class='ocrx_word' id='word_1_58' title='bbox 830 818 1021 900; x_wconf 81' lang='lat' dir='ltr'>intraverat,</span> <span class='ocrx_word' id='word_1_59' title='bbox 1044 838 1137 881; x_wconf 83' lang='lat' dir='ltr'>mare</span> 
     </span>
     <span class='ocr_line' id='line_1_9' title="bbox 126 905 1137 989; baseline 0 -19"><span class='ocrx_word' id='word_1_60' title='bbox 126 927 252 989; x_wconf 90' lang='lat' dir='ltr'>quoque</span> <span class='ocrx_word' id='word_1_61' title='bbox 282 926 401 970; x_wconf 88' lang='lat' dir='ltr'>novum</span> <span class='ocrx_word' id='word_1_62' title='bbox 428 907 463 970; x_wconf 88' lang='lat' dir='ltr'>in</span> <span class='ocrx_word' id='word_1_63' title='bbox 489 905 716 989; x_wconf 83' lang='lat' dir='ltr'>Pamphyliam</span> <span class='ocrx_word' id='word_1_64' title='bbox 742 905 804 969; x_wconf 89' lang='lat' dir='ltr'>iter</span> <span class='ocrx_word' id='word_1_65' title='bbox 833 907 1019 988; x_wconf 88' lang='lat' dir='ltr'>aperuerat:</span> <span class='ocrx_word' id='word_1_66' title='bbox 1055 907 1137 970; x_wconf 88' lang='lat' dir='ltr'>tunc</span> 
     </span>
     <span class='ocr_line' id='line_1_10' title="bbox 41 991 1137 1076; baseline 0.004 -24"><span class='ocrx_word' id='word_1_67' title='bbox 41 1047 44 1052; x_wconf 80' lang='grc'><strong><em>,</em></strong></span> <span class='ocrx_word' id='word_1_68' title='bbox 125 992 308 1058; x_wconf 77' lang='lat' dir='ltr'>haesitabat</span> <span class='ocrx_word' id='word_1_69' title='bbox 344 994 544 1076; x_wconf 88' lang='lat' dir='ltr'>deprehensa</span> <span class='ocrx_word' id='word_1_70' title='bbox 577 993 717 1058; x_wconf 82' lang='lat' dir='ltr'>felicitas</span> <span class='ocrx_word' id='word_1_71' title='bbox 748 1014 808 1057; x_wconf 90' lang='lat' dir='ltr'>nec</span> <span class='ocrx_word' id='word_1_72' title='bbox 840 993 926 1057; x_wconf 91' lang='lat' dir='ltr'>aliud</span> <span class='ocrx_word' id='word_1_73' title='bbox 957 991 1137 1056; x_wconf 90' lang='lat' dir='ltr'>remedium</span> 
     </span>
     <span class='ocr_line' id='line_1_11' title="bbox 73 1078 1138 1164; baseline -0.005 -15"><span class='ocrx_word' id='word_1_74' title='bbox 73 1101 107 1149; x_wconf 77' lang='lat' dir='ltr'>aa</span> <span class='ocrx_word' id='word_1_75' title='bbox 127 1082 204 1162; x_wconf 84' lang='lat' dir='ltr'>erat,</span> <span class='ocrx_word' id='word_1_76' title='bbox 227 1103 323 1164; x_wconf 89' lang='lat' dir='ltr'>quam</span> <span class='ocrx_word' id='word_1_77' title='bbox 341 1082 468 1164; x_wconf 83' lang='lat' dir='ltr'>reverti,</span> <span class='ocrx_word' id='word_1_78' title='bbox 491 1103 555 1164; x_wconf 88' lang='lat' dir='ltr'>qua</span> <span class='ocrx_word' id='word_1_79' title='bbox 572 1083 714 1146; x_wconf 86' lang='lat' dir='ltr'>venerat.</span> <span class='ocrx_word' id='word_1_80' title='bbox 745 1079 859 1163; x_wconf 88' lang='lat' dir='ltr'>ltaque</span> <span class='ocrx_word' id='word_1_81' title='bbox 879 1081 972 1164; x_wconf 76' lang='lat' dir='ltr'>signo</span> <span class='ocrx_word' id='word_1_82' title='bbox 990 1078 1138 1162; x_wconf 87' lang='lat' dir='ltr'>receptui</span> 
     </span>
     <span class='ocr_line' id='line_1_12' title="bbox 126 1167 1138 1250; baseline 0 -18"><span class='ocrx_word' id='word_1_83' title='bbox 126 1168 202 1233; x_wconf 91' lang='lat' dir='ltr'>dato</span> <span class='ocrx_word' id='word_1_84' title='bbox 235 1169 377 1233; x_wconf 90' lang='lat' dir='ltr'>densatis</span> <span class='ocrx_word' id='word_1_85' title='bbox 409 1169 577 1233; x_wconf 83' lang='lat' dir='ltr'>ordinibus</span> <span class='ocrx_word' id='word_1_86' title='bbox 610 1168 771 1250; x_wconf 91' lang='lat' dir='ltr'>scutisque</span> <span class='ocrx_word' id='word_1_87' title='bbox 802 1180 909 1249; x_wconf 56' lang='lat' dir='ltr'>supern</span> <span class='ocrx_word' id='word_1_88' title='bbox 925 1167 1033 1249; x_wconf 88' lang='lat' dir='ltr'>capita</span> <span class='ocrx_word' id='word_1_89' title='bbox 1059 1188 1138 1232; x_wconf 92' lang='lat' dir='ltr'>con·</span> 
     </span>
     <span class='ocr_line' id='line_1_13' title="bbox 127 1252 1138 1338; baseline -0.003 -18"><span class='ocrx_word' id='word_1_90' title='bbox 127 1257 222 1321; x_wconf 88' lang='lat' dir='ltr'>sertis</span> <span class='ocrx_word' id='word_1_91' title='bbox 248 1259 335 1322; x_wconf 89' lang='lat' dir='ltr'>retro</span> <span class='ocrx_word' id='word_1_92' title='bbox 368 1256 502 1321; x_wconf 81' lang='lat' dir='ltr'>evadere</span> <span class='ocrx_word' id='word_1_93' title='bbox 532 1277 570 1319; x_wconf 85' lang='lat' dir='ltr'>ex</span> <span class='ocrx_word' id='word_1_94' title='bbox 601 1254 760 1338; x_wconf 81' lang='lat' dir='ltr'>angustiis</span> <span class='ocrx_word' id='word_1_95' title='bbox 791 1254 889 1318; x_wconf 92' lang='lat' dir='ltr'>iubet.</span> <span class='ocrx_word' id='word_1_96' title='bbox 942 1271 1014 1316; x_wconf 85' lang='lat' dir='ltr'>xxx</span> <span class='ocrx_word' id='word_1_97' title='bbox 1044 1252 1138 1317; x_wconf 84' lang='lat' dir='ltr'>fuere</span> 
     </span>
     <span class='ocr_line' id='line_1_14' title="bbox 126 1342 616 1427; baseline -0.008 -19"><span class='ocrx_word' id='word_1_98' title='bbox 126 1344 245 1427; x_wconf 86' lang='lat' dir='ltr'>stadia,</span> <span class='ocrx_word' id='word_1_99' title='bbox 268 1365 350 1427; x_wconf 90' lang='lat' dir='ltr'>quae</span> <span class='ocrx_word' id='word_1_100' title='bbox 372 1342 510 1406; x_wconf 88' lang='lat' dir='ltr'>remensi</span> <span class='ocrx_word' id='word_1_101' title='bbox 533 1343 616 1406; x_wconf 88' lang='lat' dir='ltr'>sunt</span> 
     </span>
    </p>
   </div>
   <div class='ocr_carea' id='block_1_3' title="bbox 549 1494 706 1562">
    <p class='ocr_par' dir='ltr' id='par_1_3' title="bbox 549 1494 706 1562">
     <span class='ocr_line' id='line_1_15' title="bbox 549 1494 706 1562; baseline -0.006 -2"><span class='ocrx_word' id='word_1_102' title='bbox 549 1494 628 1562; x_wconf 74' lang='lat' dir='ltr'>One.</span> <span class='ocrx_word' id='word_1_103' title='bbox 649 1495 706 1561; x_wconf 91' lang='lat' dir='ltr'>IV.</span> 
     </span>
    </p>
   </div>
   <div class='ocr_carea' id='block_1_4' title="bbox 18 1593 1190 1948">
    <p class='ocr_par' dir='ltr' id='par_1_4' title="bbox 18 1593 1190 1948">
     <span class='ocr_line' id='line_1_16' title="bbox 93 1593 1190 1682; baseline -0.001 -18"><span class='ocrx_word' id='word_1_104' title='bbox 93 1623 107 1668; x_wconf 88' lang='lat'>1</span> <span class='ocrx_word' id='word_1_105' title='bbox 215 1598 299 1664; x_wconf 85' lang='lat' dir='ltr'>Tum</span> <span class='ocrx_word' id='word_1_106' title='bbox 321 1599 435 1664; x_wconf 87' lang='lat' dir='ltr'>castris</span> <span class='ocrx_word' id='word_1_107' title='bbox 457 1599 598 1682; x_wconf 89' lang='lat' dir='ltr'>undique</span> <span class='ocrx_word' id='word_1_108' title='bbox 619 1602 731 1682; x_wconf 89' lang='lat' dir='ltr'>aperto</span> <span class='ocrx_word' id='word_1_109' title='bbox 748 1593 820 1665; x_wconf 88' lang='lat' dir='ltr'>loco</span> <span class='ocrx_word' id='word_1_110' title='bbox 838 1595 954 1682; x_wconf 87' lang='lat' dir='ltr'>positis</span> <span class='ocrx_word' id='word_1_111' title='bbox 973 1620 1040 1664; x_wconf 88' lang='lat' dir='ltr'>non</span> <span class='ocrx_word' id='word_1_112' title='bbox 1058 1620 1136 1663; x_wconf 93' lang='lat' dir='ltr'>con·</span> <span class='ocrx_word' id='word_1_113' title='bbox 1150 1605 1190 1670; x_wconf 82' lang='lat'>13</span> 
     </span>
     <span class='ocr_line' id='line_1_17' title="bbox 128 1687 1136 1772; baseline -0.001 -20"><span class='ocrx_word' id='word_1_114' title='bbox 128 1689 248 1752; x_wconf 90' lang='lat' dir='ltr'>sultare</span> <span class='ocrx_word' id='word_1_115' title='bbox 271 1688 380 1770; x_wconf 94' lang='lat' dir='ltr'>modo,</span> <span class='ocrx_word' id='word_1_116' title='bbox 409 1687 485 1770; x_wconf 90' lang='lat' dir='ltr'>quid</span> <span class='ocrx_word' id='word_1_117' title='bbox 508 1687 668 1771; x_wconf 85' lang='lat' dir='ltr'>agendum</span> <span class='ocrx_word' id='word_1_118' title='bbox 690 1690 788 1770; x_wconf 89' lang='lat' dir='ltr'>esset,</span> <span class='ocrx_word' id='word_1_119' title='bbox 816 1687 872 1751; x_wconf 91' lang='lat' dir='ltr'>sed</span> <span class='ocrx_word' id='word_1_120' title='bbox 894 1690 984 1751; x_wconf 87' lang='lat' dir='ltr'>vates</span> <span class='ocrx_word' id='word_1_121' title='bbox 1007 1708 1136 1772; x_wconf 87' lang='lat' dir='ltr'>quoque</span> 
     </span>
     <span class='ocr_line' id='line_1_18' title="bbox 18 1772 1137 1858; baseline -0.004 -14"><span class='ocrx_word' id='word_1_122' title='bbox 18 1812 21 1817; x_wconf 94' lang='lat'>·</span> <span class='ocrx_word' id='word_1_123' title='bbox 90 1775 279 1844; x_wconf 77' lang='lat' dir='ltr'>aadhibere</span> <span class='ocrx_word' id='word_1_124' title='bbox 302 1775 409 1858; x_wconf 87' lang='lat' dir='ltr'>eoepit</span> <span class='ocrx_word' id='word_1_125' title='bbox 431 1797 450 1839; x_wconf 90' lang='lat' dir='ltr'>a</span> <span class='ocrx_word' id='word_1_126' title='bbox 473 1775 702 1858; x_wconf 85' lang='lat' dir='ltr'>superstitione</span> <span class='ocrx_word' id='word_1_127' title='bbox 725 1775 832 1839; x_wconf 88' lang='lat' dir='ltr'>animi</span> <span class='ocrx_word' id='word_1_128' title='bbox 872 1772 935 1838; x_wconf 82' lang='lat' dir='ltr'>Sed</span> <span class='ocrx_word' id='word_1_129' title='bbox 957 1774 1034 1858; x_wconf 90' lang='lat' dir='ltr'>quid</span> <span class='ocrx_word' id='word_1_130' title='bbox 1055 1777 1137 1840; x_wconf 89' lang='lat' dir='ltr'>tunc</span> 
     </span>
     <span class='ocr_line' id='line_1_19' title="bbox 130 1861 1137 1948; baseline -0.002 -20"><span class='ocrx_word' id='word_1_131' title='bbox 130 1864 314 1948; x_wconf 87' lang='lat' dir='ltr'>praedicere</span> <span class='ocrx_word' id='word_1_132' title='bbox 336 1862 541 1947; x_wconf 83' lang='lat' dir='ltr'>Aristander,</span> <span class='ocrx_word' id='word_1_133' title='bbox 568 1862 619 1927; x_wconf 90' lang='lat' dir='ltr'>cui</span> <span class='ocrx_word' id='word_1_134' title='bbox 644 1863 820 1945; x_wconf 92' lang='lat' dir='ltr'>plurimum</span> <span class='ocrx_word' id='word_1_135' title='bbox 845 1861 996 1927; x_wconf 90' lang='lat' dir='ltr'>credebat</span> <span class='ocrx_word' id='word_1_136' title='bbox 1019 1884 1059 1928; x_wconf 90' lang='lat' dir='ltr'>ex</span> <span class='ocrx_word' id='word_1_137' title='bbox 1080 1883 1137 1926; x_wconf 83' lang='lat' dir='ltr'>va-</span> 
     </span>
    </p>
   </div>
   <div class='ocr_carea' id='block_1_5' title="bbox 74 1949 1203 3617">
    <p class='ocr_par' dir='ltr' id='par_1_5' title="bbox 127 1949 1137 2121">
     <span class='ocr_line' id='line_1_20' title="bbox 127 1949 1136 2035; baseline 0.001 -21"><span class='ocrx_word' id='word_1_138' title='bbox 127 1951 229 2035; x_wconf 84' lang='lat' dir='ltr'>tibus,</span> <span class='ocrx_word' id='word_1_139' title='bbox 259 1950 408 2034; x_wconf 84' lang='lat' dir='ltr'>poterat?</span> <span class='ocrx_word' id='word_1_140' title='bbox 453 1950 566 2034; x_wconf 85' lang='lat' dir='ltr'>Itaque</span> <span class='ocrx_word' id='word_1_141' title='bbox 589 1949 750 2014; x_wconf 86' lang='lat' dir='ltr'>damnatis</span> <span class='ocrx_word' id='word_1_142' title='bbox 773 1949 1009 2034; x_wconf 85' lang='lat' dir='ltr'>intempestivis</span> <span class='ocrx_word' id='word_1_143' title='bbox 1037 1949 1136 2015; x_wconf 87' lang='lat' dir='ltr'>sacri·</span> 
     </span>
     <span class='ocr_line' id='line_1_21' title="bbox 127 2035 1137 2121; baseline 0 -19"><span class='ocrx_word' id='word_1_144' title='bbox 127 2039 209 2102; x_wconf 91' lang='lat' dir='ltr'>ficiis</span> <span class='ocrx_word' id='word_1_145' title='bbox 241 2038 363 2121; x_wconf 90' lang='lat' dir='ltr'>peritos</span> <span class='ocrx_word' id='word_1_146' title='bbox 393 2038 539 2103; x_wconf 88' lang='lat' dir='ltr'>locorum</span> <span class='ocrx_word' id='word_1_147' title='bbox 570 2038 740 2102; x_wconf 86' lang='lat' dir='ltr'>convocari</span> <span class='ocrx_word' id='word_1_148' title='bbox 771 2038 873 2102; x_wconf 92' lang='lat' dir='ltr'>iubet:</span> <span class='ocrx_word' id='word_1_149' title='bbox 909 2059 967 2120; x_wconf 89' lang='lat' dir='ltr'>per</span> <span class='ocrx_word' id='word_1_150' title='bbox 993 2035 1137 2102; x_wconf 91' lang='lat' dir='ltr'>Mediam</span> 
     </span>
    </p>

    <p class='ocr_par' dir='ltr' id='par_1_6' title="bbox 91 2123 1203 2384">
     <span class='ocr_line' id='line_1_22' title="bbox 91 2123 1136 2209; baseline -0.004 -15"><span class='ocrx_word' id='word_1_151' title='bbox 91 2146 109 2194; x_wconf 80' lang='lat' dir='ltr'>e</span> <span class='ocrx_word' id='word_1_152' title='bbox 128 2127 190 2189; x_wconf 92' lang='lat' dir='ltr'>iter</span> <span class='ocrx_word' id='word_1_153' title='bbox 213 2125 428 2190; x_wconf 87' lang='lat' dir='ltr'>ostendebant</span> <span class='ocrx_word' id='word_1_154' title='bbox 449 2128 556 2189; x_wconf 92' lang='lat' dir='ltr'>tutum</span> <span class='ocrx_word' id='word_1_155' title='bbox 579 2128 796 2209; x_wconf 86' lang='lat' dir='ltr'>apertumque.</span> <span class='ocrx_word' id='word_1_156' title='bbox 833 2123 895 2191; x_wconf 85' lang='lat' dir='ltr'>Sed</span> <span class='ocrx_word' id='word_1_157' title='bbox 914 2147 972 2190; x_wconf 84' lang='lat' dir='ltr'>rex</span> <span class='ocrx_word' id='word_1_158' title='bbox 989 2124 1136 2190; x_wconf 87' lang='lat' dir='ltr'>deserere</span> 
     </span>
     <span class='ocr_line' id='line_1_23' title="bbox 128 2212 1203 2296; baseline 0.003 -19"><span class='ocrx_word' id='word_1_159' title='bbox 128 2212 249 2277; x_wconf 89' lang='lat' dir='ltr'>milites</span> <span class='ocrx_word' id='word_1_160' title='bbox 282 2212 463 2295; x_wconf 90' lang='lat' dir='ltr'>insepultos</span> <span class='ocrx_word' id='word_1_161' title='bbox 497 2212 705 2278; x_wconf 88' lang='lat' dir='ltr'>erubescebat</span> <span class='ocrx_word' id='word_1_162' title='bbox 734 2213 782 2277; x_wconf 92' lang='lat' dir='ltr'>ita</span> <span class='ocrx_word' id='word_1_163' title='bbox 811 2213 932 2278; x_wconf 89' lang='lat' dir='ltr'>tradito</span> <span class='ocrx_word' id='word_1_164' title='bbox 964 2234 1066 2296; x_wconf 91' lang='lat' dir='ltr'>more,</span> <span class='ocrx_word' id='word_1_165' title='bbox 1097 2215 1137 2277; x_wconf 93' lang='lat' dir='ltr'>ut</span> <span class='ocrx_word' id='word_1_166' title='bbox 1201 2274 1203 2280; x_wconf 91' lang='lat'>.</span> 
     </span>
     <span class='ocr_line' id='line_1_24' title="bbox 128 2300 1188 2384; baseline 0.001 -19"><span class='ocrx_word' id='word_1_167' title='bbox 128 2301 182 2366; x_wconf 84' lang='lat' dir='ltr'>vix</span> <span class='ocrx_word' id='word_1_168' title='bbox 210 2301 312 2364; x_wconf 92' lang='lat' dir='ltr'>ullum</span> <span class='ocrx_word' id='word_1_169' title='bbox 342 2300 478 2364; x_wconf 90' lang='lat' dir='ltr'>militiae</span> <span class='ocrx_word' id='word_1_170' title='bbox 504 2303 572 2364; x_wconf 85' lang='lat' dir='ltr'>tam</span> <span class='ocrx_word' id='word_1_171' title='bbox 600 2302 753 2365; x_wconf 91' lang='lat' dir='ltr'>sollemne</span> <span class='ocrx_word' id='word_1_172' title='bbox 781 2305 866 2365; x_wconf 90' lang='lat' dir='ltr'>esset</span> <span class='ocrx_word' id='word_1_173' title='bbox 891 2323 1007 2365; x_wconf 88' lang='lat' dir='ltr'>munus</span> <span class='ocrx_word' id='word_1_174' title='bbox 1037 2323 1137 2384; x_wconf 89' lang='lat' dir='ltr'>quam</span> <span class='ocrx_word' id='word_1_175' title='bbox 1185 2352 1188 2358; x_wconf 85' lang='lat'>.</span> 
     </span>
    </p>

    <p class='ocr_par' dir='ltr' id='par_1_7' title="bbox 91 2386 1137 2912">
     <span class='ocr_line' id='line_1_25' title="bbox 91 2386 1137 2473; baseline -0.006 -15"><span class='ocrx_word' id='word_1_176' title='bbox 91 2410 110 2458; x_wconf 83' lang='lat'>4</span> <span class='ocrx_word' id='word_1_177' title='bbox 128 2388 284 2453; x_wconf 90' lang='lat' dir='ltr'>humandi</span> <span class='ocrx_word' id='word_1_178' title='bbox 306 2410 390 2454; x_wconf 90' lang='lat' dir='ltr'>suos.</span> <span class='ocrx_word' id='word_1_179' title='bbox 435 2386 588 2472; x_wconf 82' lang='lat' dir='ltr'>Captivos</span> <span class='ocrx_word' id='word_1_180' title='bbox 611 2409 701 2472; x_wconf 86' lang='lat' dir='ltr'>ergo,</span> <span class='ocrx_word' id='word_1_181' title='bbox 728 2410 809 2473; x_wconf 89' lang='lat' dir='ltr'>quos</span> <span class='ocrx_word' id='word_1_182' title='bbox 832 2409 935 2471; x_wconf 88' lang='lat' dir='ltr'>nuper</span> <span class='ocrx_word' id='word_1_183' title='bbox 957 2391 1137 2472; x_wconf 83' lang='lat' dir='ltr'>exceperat,</span> 
     </span>
     <span class='ocr_line' id='line_1_26' title="bbox 128 2474 1137 2560; baseline -0.002 -18"><span class='ocrx_word' id='word_1_184' title='bbox 128 2478 235 2543; x_wconf 86' lang='lat' dir='ltr'>vocari</span> <span class='ocrx_word' id='word_1_185' title='bbox 256 2476 359 2540; x_wconf 87' lang='lat' dir='ltr'>iubet:</span> <span class='ocrx_word' id='word_1_186' title='bbox 381 2477 465 2541; x_wconf 90' lang='lat' dir='ltr'>inter</span> <span class='ocrx_word' id='word_1_187' title='bbox 487 2498 567 2560; x_wconf 90' lang='lat' dir='ltr'>quos</span> <span class='ocrx_word' id='word_1_188' title='bbox 586 2480 656 2541; x_wconf 90' lang='lat' dir='ltr'>erat</span> <span class='ocrx_word' id='word_1_189' title='bbox 673 2477 804 2559; x_wconf 90' lang='lat' dir='ltr'>quidam</span> <span class='ocrx_word' id='word_1_190' title='bbox 818 2474 960 2540; x_wconf 87' lang='lat' dir='ltr'>Graecae</span> <span class='ocrx_word' id='word_1_191' title='bbox 973 2475 1137 2541; x_wconf 90' lang='lat' dir='ltr'>Persicae·</span> 
     </span>
     <span class='ocr_line' id='line_1_27' title="bbox 128 2563 1137 2650; baseline -0.002 -20"><span class='ocrx_word' id='word_1_192' title='bbox 128 2587 190 2650; x_wconf 90' lang='lat' dir='ltr'>que</span> <span class='ocrx_word' id='word_1_193' title='bbox 224 2564 355 2650; x_wconf 80' lang='lat' dir='ltr'>linguae</span> <span class='ocrx_word' id='word_1_194' title='bbox 390 2564 525 2648; x_wconf 90' lang='lat' dir='ltr'>peritus,</span> <span class='ocrx_word' id='word_1_195' title='bbox 563 2564 617 2647; x_wconf 91' lang='lat' dir='ltr'>qui</span> <span class='ocrx_word' id='word_1_196' title='bbox 647 2564 768 2628; x_wconf 86' lang='lat' dir='ltr'>frustra</span> <span class='ocrx_word' id='word_1_197' title='bbox 799 2585 873 2628; x_wconf 90' lang='lat' dir='ltr'>eum</span> <span class='ocrx_word' id='word_1_198' title='bbox 903 2564 939 2628; x_wconf 91' lang='lat' dir='ltr'>in</span> <span class='ocrx_word' id='word_1_199' title='bbox 970 2563 1137 2628; x_wconf 85' lang='lat' dir='ltr'>Persidem</span> 
     </span>
     <span class='ocr_line' id='line_1_28' title="bbox 134 2651 1135 2718; baseline -0.001 -1"><span class='ocrx_word' id='word_1_200' title='bbox 134 2655 293 2718; x_wconf 89' lang='lat' dir='ltr'>montium</span> <span class='ocrx_word' id='word_1_201' title='bbox 320 2653 416 2717; x_wconf 89' lang='lat' dir='ltr'>dorso</span> <span class='ocrx_word' id='word_1_202' title='bbox 446 2653 620 2717; x_wconf 87' lang='lat' dir='ltr'>exercitum</span> <span class='ocrx_word' id='word_1_203' title='bbox 642 2652 755 2716; x_wconf 89' lang='lat' dir='ltr'>ducere</span> <span class='ocrx_word' id='word_1_204' title='bbox 779 2651 940 2716; x_wconf 88' lang='lat' dir='ltr'>adfirmat:</span> <span class='ocrx_word' id='word_1_205' title='bbox 970 2651 1135 2716; x_wconf 84' lang='lat' dir='ltr'>silvestres</span> 
     </span>
     <span class='ocr_line' id='line_1_29' title="bbox 129 2739 1136 2825; baseline 0 -21"><span class='ocrx_word' id='word_1_206' title='bbox 129 2762 198 2806; x_wconf 92' lang='lat' dir='ltr'>esse</span> <span class='ocrx_word' id='word_1_207' title='bbox 222 2741 333 2822; x_wconf 92' lang='lat' dir='ltr'>calles,</span> <span class='ocrx_word' id='word_1_208' title='bbox 354 2741 408 2803; x_wconf 85' lang='lat' dir='ltr'>vix</span> <span class='ocrx_word' id='word_1_209' title='bbox 431 2740 566 2825; x_wconf 85' lang='lat' dir='ltr'>singulis</span> <span class='ocrx_word' id='word_1_210' title='bbox 589 2739 730 2823; x_wconf 85' lang='lat' dir='ltr'>pervios:</span> <span class='ocrx_word' id='word_1_211' title='bbox 763 2739 872 2804; x_wconf 91' lang='lat' dir='ltr'>omnia</span> <span class='ocrx_word' id='word_1_212' title='bbox 895 2739 1024 2823; x_wconf 83' lang='lat' dir='ltr'>contegi</span> <span class='ocrx_word' id='word_1_213' title='bbox 1046 2739 1136 2804; x_wconf 88' lang='lat' dir='ltr'>fron·</span> 
     </span>
     <span class='ocr_line' id='line_1_30' title="bbox 128 2826 1137 2912; baseline 0.001 -21"><span class='ocrx_word' id='word_1_214' title='bbox 128 2827 222 2892; x_wconf 91' lang='lat' dir='ltr'>dibus</span> <span class='ocrx_word' id='word_1_215' title='bbox 253 2828 461 2912; x_wconf 87' lang='lat' dir='ltr'>inplexosque</span> <span class='ocrx_word' id='word_1_216' title='bbox 489 2828 640 2892; x_wconf 90' lang='lat' dir='ltr'>arborum</span> <span class='ocrx_word' id='word_1_217' title='bbox 666 2848 773 2891; x_wconf 90' lang='lat' dir='ltr'>ramos</span> <span class='ocrx_word' id='word_1_218' title='bbox 801 2827 899 2892; x_wconf 84' lang='lat' dir='ltr'>silvas</span> <span class='ocrx_word' id='word_1_219' title='bbox 926 2826 1137 2893; x_wconf 87' lang='lat' dir='ltr'>committere.</span> 
     </span>
    </p>

    <p class='ocr_par' dir='ltr' id='par_1_8' title="bbox 91 2913 1196 3017">
     <span class='ocr_line' id='line_1_31' title="bbox 91 2913 1196 3017; baseline 0.001 -39"><span class='ocrx_word' id='word_1_220' title='bbox 91 2913 276 3017; x_wconf 75' lang='lat' dir='ltr'>sNamque</span> <span class='ocrx_word' id='word_1_221' title='bbox 304 2913 411 2978; x_wconf 91' lang='lat' dir='ltr'>Persis</span> <span class='ocrx_word' id='word_1_222' title='bbox 443 2913 483 2979; x_wconf 86' lang='lat' dir='ltr'>ab</span> <span class='ocrx_word' id='word_1_223' title='bbox 517 2916 562 2979; x_wconf 88' lang='lat' dir='ltr'>alt</span> <span class='ocrx_word' id='word_1_224' title='bbox 549 2919 617 2980; x_wconf 89' lang='lat' dir='ltr'>tero</span> <span class='ocrx_word' id='word_1_225' title='bbox 648 2916 696 2980; x_wconf 90' lang='lat' dir='ltr'>lat</span> <span class='ocrx_word' id='word_1_226' title='bbox 681 2918 748 2980; x_wconf 88' lang='lat' dir='ltr'>tere</span> <span class='ocrx_word' id='word_1_227' title='bbox 779 2916 945 3014; x_wconf 88' lang='lat' dir='ltr'>perpetuis</span> <span class='ocrx_word' id='word_1_228' title='bbox 973 2914 1136 2979; x_wconf 88' lang='lat' dir='ltr'>montium</span> <span class='ocrx_word' id='word_1_229' title='bbox 1161 2928 1196 2980; x_wconf 87' lang='grc'>.·</span> 
     </span>
    </p>

    <p class='ocr_par' dir='ltr' id='par_1_9' title="bbox 91 3001 1138 3526">
     <span class='ocr_line' id='line_1_32' title="bbox 91 3001 1136 3088; baseline 0.002 -23"><span class='ocrx_word' id='word_1_230' title='bbox 91 3003 214 3087; x_wconf 78' lang='lat' dir='ltr'>cingis</span> <span class='ocrx_word' id='word_1_231' title='bbox 242 3001 361 3066; x_wconf 90' lang='lat' dir='ltr'>claudit</span> <span class='ocrx_word' id='word_1_232' title='bbox 347 3005 408 3065; x_wconf 91' lang='lat' dir='ltr'>tur.</span> <span class='ocrx_word' id='word_1_233' title='bbox 452 3001 524 3066; x_wconf 91' lang='lat' dir='ltr'>Hoc</span> <span class='ocrx_word' id='word_1_234' title='bbox 550 3003 693 3085; x_wconf 89' lang='lat' dir='ltr'>dorsum,</span> <span class='ocrx_word' id='word_1_235' title='bbox 724 3003 846 3086; x_wconf 89' lang='lat' dir='ltr'>quod</span> <span class='ocrx_word' id='word_1_236' title='bbox 836 3025 872 3066; x_wconf 90' lang='lat' dir='ltr'>m</span> <span class='ocrx_word' id='word_1_237' title='bbox 898 3002 1136 3088; x_wconf 77' lang='lat' dir='ltr'>longitudinem</span> 
     </span>
     <span class='ocr_line' id='line_1_33' title="bbox 128 3053 1135 3184; baseline 0.001 -30"><span class='ocrx_word' id='word_1_238' title='bbox 128 3108 210 3174; x_wconf 82' lang='lat' dir='ltr'>unc,</span> <span class='ocrx_word' id='word_1_239' title='bbox 232 3090 267 3154; x_wconf 92' lang='lat' dir='ltr'>in</span> <span class='ocrx_word' id='word_1_240' title='bbox 288 3089 363 3153; x_wconf 88' lang='lat' dir='ltr'>latit</span> <span class='ocrx_word' id='word_1_241' title='bbox 363 3088 492 3153; x_wconf 89' lang='lat' dir='ltr'>udinem</span> <span class='ocrx_word' id='word_1_242' title='bbox 516 3106 605 3154; x_wconf 78' lang='lat' dir='ltr'>chx</span> <span class='ocrx_word' id='word_1_243' title='bbox 628 3053 732 3154; x_wconf 91' lang='lat' dir='ltr'>stadia</span> <span class='ocrx_word' id='word_1_244' title='bbox 736 3091 923 3184; x_wconf 89' lang='lat' dir='ltr'>procurrit,</span> <span class='ocrx_word' id='word_1_245' title='bbox 947 3113 967 3155; x_wconf 88' lang='lat' dir='ltr'>a</span> <span class='ocrx_word' id='word_1_246' title='bbox 989 3088 1135 3156; x_wconf 83' lang='lat' dir='ltr'>Caucaso</span> 
     </span>
     <span class='ocr_line' id='line_1_34' title="bbox 128 3163 1136 3262; baseline 0.001 -20"><span class='ocrx_word' id='word_1_247' title='bbox 128 3182 239 3243; x_wconf 89' lang='lat' dir='ltr'>monte</span> <span class='ocrx_word' id='word_1_248' title='bbox 263 3178 302 3242; x_wconf 85' lang='lat' dir='ltr'>ad</span> <span class='ocrx_word' id='word_1_249' title='bbox 325 3178 459 3242; x_wconf 91' lang='lat' dir='ltr'>rubrum</span> <span class='ocrx_word' id='word_1_250' title='bbox 476 3199 565 3240; x_wconf 89' lang='lat' dir='ltr'>mare</span> <span class='ocrx_word' id='word_1_251' title='bbox 582 3163 746 3260; x_wconf 89' lang='lat' dir='ltr'>pertinet,</span> <span class='ocrx_word' id='word_1_252' title='bbox 756 3200 881 3262; x_wconf 91' lang='lat' dir='ltr'>quaque</span> <span class='ocrx_word' id='word_1_253' title='bbox 900 3177 1017 3243; x_wconf 87' lang='lat' dir='ltr'>defecit</span> <span class='ocrx_word' id='word_1_254' title='bbox 1033 3199 1136 3262; x_wconf 89' lang='lat' dir='ltr'>mons,</span> 
     </span>
     <span class='ocr_line' id='line_1_35' title="bbox 129 3264 1136 3347; baseline 0 -17"><span class='ocrx_word' id='word_1_255' title='bbox 129 3267 216 3330; x_wconf 89' lang='lat' dir='ltr'>aliud</span> <span class='ocrx_word' id='word_1_256' title='bbox 243 3265 491 3346; x_wconf 90' lang='lat' dir='ltr'>munimentum,</span> <span class='ocrx_word' id='word_1_257' title='bbox 522 3264 586 3329; x_wconf 87' lang='lat' dir='ltr'>fret</span> <span class='ocrx_word' id='word_1_258' title='bbox 571 3267 653 3347; x_wconf 90' lang='lat' dir='ltr'>t,um</span> <span class='ocrx_word' id='word_1_259' title='bbox 686 3265 791 3330; x_wconf 91' lang='lat' dir='ltr'>obiect</span> <span class='ocrx_word' id='word_1_260' title='bbox 777 3270 847 3331; x_wconf 90' lang='lat' dir='ltr'>tum</span> <span class='ocrx_word' id='word_1_261' title='bbox 874 3269 932 3332; x_wconf 87' lang='lat' dir='ltr'>est.</span> <span class='ocrx_word' id='word_1_262' title='bbox 976 3265 1136 3331; x_wconf 87' lang='lat' dir='ltr'>Planities</span> 
     </span>
     <span class='ocr_line' id='line_1_36' title="bbox 128 3315 1138 3439; baseline 0.001 -22"><span class='ocrx_word' id='word_1_263' title='bbox 128 3354 241 3418; x_wconf 88' lang='lat' dir='ltr'>deinde</span> <span class='ocrx_word' id='word_1_264' title='bbox 278 3353 338 3418; x_wconf 91' lang='lat' dir='ltr'>sub</span> <span class='ocrx_word' id='word_1_265' title='bbox 373 3315 534 3418; x_wconf 80' lang='lat' dir='ltr'>radicibus</span> <span class='ocrx_word' id='word_1_266' title='bbox 569 3356 662 3418; x_wconf 91' lang='lat' dir='ltr'>mont</span> <span class='ocrx_word' id='word_1_267' title='bbox 663 3352 730 3418; x_wconf 90' lang='lat' dir='ltr'>ium</span> <span class='ocrx_word' id='word_1_268' title='bbox 766 3354 909 3437; x_wconf 90' lang='lat' dir='ltr'>spatiosa</span> <span class='ocrx_word' id='word_1_269' title='bbox 943 3353 1138 3439; x_wconf 86' lang='lat' dir='ltr'>procumbit,</span> 
     </span>
     <span class='ocr_line' id='line_1_37' title="bbox 128 3441 1138 3526; baseline 0.003 -21"><span class='ocrx_word' id='word_1_270' title='bbox 128 3442 243 3506; x_wconf 85' lang='lat' dir='ltr'>fertilis</span> <span class='ocrx_word' id='word_1_271' title='bbox 270 3444 358 3506; x_wconf 88' lang='lat' dir='ltr'>terra</span> <span class='ocrx_word' id='word_1_272' title='bbox 386 3442 559 3525; x_wconf 89' lang='lat' dir='ltr'>multisque</span> <span class='ocrx_word' id='word_1_273' title='bbox 585 3441 665 3506; x_wconf 82' lang='lat' dir='ltr'>vicis</span> <span class='ocrx_word' id='word_1_274' title='bbox 693 3443 789 3524; x_wconf 90' lang='lat' dir='ltr'>atque</span> <span class='ocrx_word' id='word_1_275' title='bbox 815 3442 949 3506; x_wconf 89' lang='lat' dir='ltr'>urbibus</span> <span class='ocrx_word' id='word_1_276' title='bbox 975 3442 1138 3526; x_wconf 83' lang='lat' dir='ltr'>frequens.</span> 
     </span>
    </p>

    <p class='ocr_par' dir='ltr' id='par_1_10' title="bbox 74 3529 1138 3617">
     <span class='ocr_line' id='line_1_38' title="bbox 74 3529 1138 3617; baseline 0.004 -27"><span class='ocrx_word' id='word_1_277' title='bbox 74 3546 97 3590; x_wconf 85' lang='lat'><em>7</em></span> <span class='ocrx_word' id='word_1_278' title='bbox 110 3529 244 3594; x_wconf 71' lang='lat' dir='ltr'>Araxes</span> <span class='ocrx_word' id='word_1_279' title='bbox 272 3529 382 3597; x_wconf 86' lang='lat' dir='ltr'>amnis</span> <span class='ocrx_word' id='word_1_280' title='bbox 406 3552 470 3617; x_wconf 90' lang='lat' dir='ltr'>per</span> <span class='ocrx_word' id='word_1_281' title='bbox 496 3529 558 3599; x_wconf 91' lang='lat' dir='ltr'>hos</span> <span class='ocrx_word' id='word_1_282' title='bbox 587 3551 721 3616; x_wconf 86' lang='lat' dir='ltr'>campos</span> <span class='ocrx_word' id='word_1_283' title='bbox 745 3529 925 3595; x_wconf 82' lang='lat' dir='ltr'>multorum</span> <span class='ocrx_word' id='word_1_284' title='bbox 947 3551 1049 3611; x_wconf 64' lang='lat' dir='ltr'>acuas</span> <span class='ocrx_word' id='word_1_285' title='bbox 1069 3533 1138 3594; x_wconf 86' lang='lat' dir='ltr'>tor-</span> 
     </span>
    </p>
   </div>
   <div class='ocr_carea' id='block_1_6' title="bbox 0 0 1216 3892">
    <p class='ocr_par' dir='ltr' id='par_1_11' title="bbox 0 0 1216 3892">
     <span class='ocr_line' id='line_1_39' title="bbox 0 0 1216 3892; baseline 0 0"><span class='ocrx_word' id='word_1_286' title='bbox 0 0 1216 3892; x_wconf 95' lang='lat' dir='ltr'> </span> 
     </span>
    </p>
   </div>
  </div>
 </body>
</html>
